2648 4556
148 1487 255 1578 Quae
276 1511 430 1572 dialectice
452 1529 487 1572 cr
508 1487 680 1574 Parmenide
702 1516 858 1588 sequantur
880 1513 910 1570 et
932 1527 1018 1586 quem
1041 1523 1111 1586 pro-

98 1614 194 1688 prium
216 1622 245 1673 et
266 1614 446 1693 peculiarem
465 1616 562 1677 locum
583 1616 632 1675 hic
655 1615 787 1694 dialogus
808 1617 839 1675 in
861 1613 1017 1674 dialectico
1040 1612 1113 1672 Pla·

98 1719 176 1776 tonis
205 1726 360 1797 systemate
382 1720 488 1782 habeat
509 1725 572 1782 sine
594 1727 732 1781 accurata
753 1727 783 1779 et
807 1703 909 1780 subtili
931 1719 994 1796 ejus
1017 1715 1113 1795 expli·
1184 1761 1186 1769 .

98 1824 214 1883 catione
244 1827 383 1886 constitui
410 1813 519 1902 u'equit.
549 1824 654 1902 Itaque
687 1842 703 1883 c
736 1842 767 1883 re
796 1827 861 1902 ipsa
891 1821 1113 1900 dijudicabimus
1182 1861 1184 1882 .

96 1941 180 1986 num·
193 1945 249 2004 qua
276 1935 356 1988 certa
383 1932 457 1990 ratio
479 1931 642 1990 intercedat
662 1929 865 1989 Parmenidem
890 1931 966 1987 inter
992 1931 1023 1985 et'
1048 1926 1112 1985 dia·
1192 2007 1194 2026 Ι

98 2027 206 2090 lectica
231 2031 363 2095 Platonis
389 2036 532 2112 principia
557 2040 587 2095 et
613 2033 758 2117 quomodo
787 2036 862 2110 inter
890 2049 956 2092 sese
985 2035 1055 2108 apta
1084 2034 1115 2088 et

72 2131 236 2210 ‚colligata
268 2139 339 2210 sint,
371 2140 581 2213 praetemuissis
619 2140 784 2222 etiamnunc
823 2139 911 2198 variis
942 2136 978 2195 de
1003 2133 1060 2193 hac
1081 2150 1114 2192 re

99 2238 261 2296 sententiis.
285 2237 329 2297 Ex
351 2236 397 2298 his
418 2238 517 2300 multis
538 2243 690 2301 sententiis
716 2246 828 2302 tantum
852 2241 1025 2322 praecipuas
1047 2227 1125 2298 lau·‘

100 2337 241 2415 dabimus,
258 2341 362 2416 quibus
377 2343 514 2420 tauquam
528 2343 672 2406 Ariadnes
686 2345 744 2406 filis
759 2363 812 2423 per
826 2345 1012 2406 dialecticrun
1027 2335 1114 2421 quem

98 2443 274 2519 ingredimur
302 2444 497 2524 labyrinthum
527 2450 673 2511 ducarmu.
726 2449 800 2513 Tres
831 2453 871 2528 igi
885 2469 919 2509 ur
950 2448 1112 2509 sententiae

98 2549 224 2608 maxime
246 2551 331 2610 nohis
354 2552 458 2629 dignae
479 2553 622 2631 ridentur,
647 2573 767 2632 quarrun
788 2558 897 2615 mentio
919 2553 977 2613 fiat.
1014 2553 1114 2612 Prima

99 2653 176 2711 enim
197 2650 274 2712 hunc
297 2654 444 2732 dialogum
466 2661 611 2735 propriam
634 2667 665 2720 et
685 2657 863 2737 peculiarem
888 2659 947 2715 vim
972 2659 1002 2714 in
1027 2673 1114 2731 argu·

99 2758 206 2815 mentis
221 2755 432 2834 philosophicis
452 2758 559 2819 habere
582 2764 698 2819 ornnino
720 2777 840 2836 negans,
863 2758 934 2819 nihil
955 2748 1034 2818 aliud
1048 2774 1115 2820 eum

103 2855 219 2918 efficere
241 2858 404 2936 arbitratur,
427 2863 483 2920 nisi
505 2870 537 2921 ut
559 2862 743 2924 dialecticam
764 2869 856 2924 artem
876 2863 925 2924 vel
947 2863 1115 2940 methodum

99 2960 265 3039 disputandi
300 2963 541 3052 philosophorum
572 2967 660 3028 modo
699 2965 906 3031 dauronstret.'
941 2967 1036 3046 Quam
1066 2969 1117 3045 qut
1153 3041 1157 3054 Ι

100 3073 258 3143 sequuntur
286 3071 460 3128 seutentiam
493 3077 573 3131 arcte
607 3073 784 3151 conjungunt
812 3073 1015 3135 Parmeniden
1049 3089 1115 3134 cum

100 3169 233 3230 Phaedro
249 3178 279 3231 et
292 3173 460 3251 Protagora,
483 3177 566 3256 cujus
582 3181 665 3254 quasi
679 3178 912 3257 supplementum
926 3185 1013 3257 atque
1027 3195 1115 3238 verae

102 3273 262 3334 disserendi
283 3257 403 3339 rationis
426 3280 574 3360 exemplar
595 3285 711 3344 existat.
749 3283 850 3348 Alteri
875 3290 973 3344 autem
994 3283 1114 3344 Parme-

100 3378 197 3438 nidem
227 3379 341 3458 docent,
374 3386 459 3446 unius
488 3389 606 3447 notione
636 3387 782 3466 explicata
810 3395 896 3466 atque
926 3389 1115 3468 dijudidicata

101 3489 239 3560 tauquam
261 3486 425 3564 exemplum
446 3490 619 3568 protulisse,
640 3511 698 3570 quo
720 3511 820 3555 onmes
842 3496 959 3554 omnino
980 3496 1115 3554 notiones

102 3587 240 3665 explicari
275 3597 363 3668 atqua
397 3593 549 3672 dijudicari
579 3583 676 3658 liceat.
731 3597 835 3676 Itaque
868 3617 949 3660 mera
982 3597 1115 3659 Platonis

100 3693 229 3753 idearum
251 3696 382 3758 doctrina
402 3700 434 3757 in
454 3699 511 3760 hoc
533 3679 649 3780 dialogo
672 3705 815 3763 contineri
837 3705 960 3764 uidetur.
1210 3781 1214 3790 .

163 3797 238 3859 Sunt
259 3801 383 3878 denique
406 3807 455 3880 qui
476 3807 657 3868 contendant
677 3805 831 3869 Platonem
856 3811 887 3870 in
913 3806 1114 3885 componendo

102 3901 271 3966 Parmenide
284 3906 342 3968 hoc
356 3912 540 3986 potissimum
554 3929 650 3993 agere,
666 3921 699 3978 ut
712 3917 831 3978 nodone
845 3913 952 3980 Unius
967 3911 1114 3996 explicata
