<?xml version="1.0" encoding="UTF-8"?>
<!DOCTYPE html PUBLIC "-//W3C//DTD XHTML 1.0 Transitional//EN"
    "http://www.w3.org/TR/xhtml1/DTD/xhtml1-transitional.dtd">
<html xmlns="http://www.w3.org/1999/xhtml" xml:lang="en" lang="en">
 <head>
  <title>
</title>
<meta http-equiv="Content-Type" content="text/html;charset=utf-8" />
  <meta name='ocr-system' content='tesseract 3.04.00' />
  <meta name='ocr-capabilities' content='ocr_page ocr_carea ocr_par ocr_line ocrx_word'/>
</head>
<body>
  <div class='ocr_page' id='page_1' title='image "./deparmenideplat00fiscgoog_0027.png"; bbox 0 0 2704 4560; ppageno 0'>
   <div class='ocr_carea' id='block_1_1' title="bbox 303 248 388 285">
    <p class='ocr_par' dir='ltr' id='par_1_1' title="bbox 303 248 388 285">
     <span class='ocr_line' id='line_1_1' title="bbox 303 248 388 285; baseline -0.012 1"><span class='ocrx_word' id='word_1_1' title='bbox 303 253 308 260; x_wconf 80' lang='grc'><strong>“</strong></span> <span class='ocrx_word' id='word_1_2' title='bbox 381 248 388 285; x_wconf 70' lang='lat' dir='ltr'>l</span> 
     </span>
    </p>
   </div>
   <div class='ocr_carea' id='block_1_2' title="bbox 608 330 971 454">
    <p class='ocr_par' dir='ltr' id='par_1_2' title="bbox 608 330 971 454">
     <span class='ocr_line' id='line_1_2' title="bbox 608 330 971 454; baseline -0.006 -45"><span class='ocrx_word' id='word_1_3' title='bbox 608 330 971 454; x_wconf 57' lang='grc' dir='ltr'>ἱ11’</span> 
     </span>
    </p>
   </div>
   <div class='ocr_carea' id='block_1_3' title="bbox 149 515 1320 3318">
    <p class='ocr_par' dir='ltr' id='par_1_3' title="bbox 232 515 1320 1652">
     <span class='ocr_line' id='line_1_3' title="bbox 234 515 1271 600; baseline 0.006 -20"><span class='ocrx_word' id='word_1_4' title='bbox 234 517 333 598; x_wconf 82' lang='lat' dir='ltr'>ipsios</span> <span class='ocrx_word' id='word_1_5' title='bbox 355 523 460 583; x_wconf 81' lang='lat' dir='ltr'>natue</span> <span class='ocrx_word' id='word_1_6' title='bbox 482 515 519 580; x_wconf 87' lang='lat' dir='ltr'>ad</span> <span class='ocrx_word' id='word_1_7' title='bbox 540 515 671 582; x_wconf 81' lang='lat' dir='ltr'>idearum</span> <span class='ocrx_word' id='word_1_8' title='bbox 692 523 830 582; x_wconf 86' lang='lat' dir='ltr'>notiones</span> <span class='ocrx_word' id='word_1_9' title='bbox 852 519 987 600; x_wconf 77' lang='lat' dir='ltr'>progredi</span> <span class='ocrx_word' id='word_1_10' title='bbox 1017 526 1136 600; x_wconf 69' lang='lat' dir='ltr'>cenem,</span> <span class='ocrx_word' id='word_1_11' title='bbox 1167 528 1271 586; x_wconf 86' lang='lat' dir='ltr'>tamen</span> 
     </span>
     <span class='ocr_line' id='line_1_4' title="bbox 239 623 1270 706; baseline 0.005 -21"><span class='ocrx_word' id='word_1_12' title='bbox 239 631 371 685; x_wconf 79' lang='lat' dir='ltr'><strong>exortam</strong></span> <span class='ocrx_word' id='word_1_13' title='bbox 403 623 486 684; x_wconf 88' lang='lat' dir='ltr'>illam</span> <span class='ocrx_word' id='word_1_14' title='bbox 522 625 652 686; x_wconf 86' lang='lat' dir='ltr'>idearruu</span> <span class='ocrx_word' id='word_1_15' title='bbox 685 637 839 703; x_wconf 81' lang='lat' dir='ltr'>rerumque</span> <span class='ocrx_word' id='word_1_16' title='bbox 874 628 1090 703; x_wconf 78' lang='lat' dir='ltr'>separationem</span> <span class='ocrx_word' id='word_1_17' title='bbox 1125 645 1270 706; x_wconf 83' lang='lat' dir='ltr'>superare</span> 
     </span>
     <span class='ocr_line' id='line_1_5' title="bbox 237 727 1268 808; baseline 0.005 -18"><span class='ocrx_word' id='word_1_18' title='bbox 237 732 349 790; x_wconf 77' lang='lat' dir='ltr'>nescia·</span> <span class='ocrx_word' id='word_1_19' title='bbox 357 728 419 806; x_wconf 84' lang='lat' dir='ltr'>jam</span> <span class='ocrx_word' id='word_1_20' title='bbox 432 730 497 806; x_wconf 91' lang='lat' dir='ltr'>ipsa</span> <span class='ocrx_word' id='word_1_21' title='bbox 511 729 547 788; x_wconf 91' lang='lat' dir='ltr'>de</span> <span class='ocrx_word' id='word_1_22' title='bbox 562 745 594 789; x_wconf 90' lang='lat' dir='ltr'>se</span> <span class='ocrx_word' id='word_1_23' title='bbox 610 733 674 808; x_wconf 87' lang='lat' dir='ltr'>ipsa</span> <span class='ocrx_word' id='word_1_24' title='bbox 689 730 842 808; x_wconf 87' lang='lat' dir='ltr'>desperare</span> <span class='ocrx_word' id='word_1_25' title='bbox 857 731 990 808; x_wconf 84' lang='lat' dir='ltr'>debebat.</span> <span class='ocrx_word' id='word_1_26' title='bbox 1018 727 1060 794; x_wconf 85' lang='lat' dir='ltr'>Ut</span> <span class='ocrx_word' id='word_1_27' title='bbox 1075 737 1173 792; x_wconf 74' lang='lat' dir='ltr'>aretem</span> <span class='ocrx_word' id='word_1_28' title='bbox 1187 734 1268 795; x_wconf 91' lang='lat' dir='ltr'>hanc</span> 
     </span>
     <span class='ocr_line' id='line_1_6' title="bbox 238 817 1266 915; baseline 0.006 -23"><span class='ocrx_word' id='word_1_29' title='bbox 238 832 432 897; x_wconf 76' lang='lat' dir='ltr'>dissolvamus</span> <span class='ocrx_word' id='word_1_30' title='bbox 453 817 690 910; x_wconf 78' lang='lat' dir='ltr'>repugnantiam,</span> <span class='ocrx_word' id='word_1_31' title='bbox 714 837 820 912; x_wconf 84' lang='lat' dir='ltr'>qrdppe</span> <span class='ocrx_word' id='word_1_32' title='bbox 850 835 910 910; x_wconf 79' lang='lat' dir='ltr'>qua&#39;</span> <span class='ocrx_word' id='word_1_33' title='bbox 936 837 1028 911; x_wconf 86' lang='lat' dir='ltr'>ipsius</span> <span class='ocrx_word' id='word_1_34' title='bbox 1055 833 1266 915; x_wconf 83' lang='lat' dir='ltr'>philosophiae</span> 
     </span>
     <span class='ocr_line' id='line_1_7' title="bbox 237 936 1265 1015; baseline 0.006 -19"><span class='ocrx_word' id='word_1_35' title='bbox 237 954 285 998; x_wconf 87' lang='lat' dir='ltr'>ree</span> <span class='ocrx_word' id='word_1_36' title='bbox 307 944 418 1014; x_wconf 78' lang='lat' dir='ltr'>agnou,</span> <span class='ocrx_word' id='word_1_37' title='bbox 441 936 550 1015; x_wconf 86' lang='lat' dir='ltr'>duplex</span> <span class='ocrx_word' id='word_1_38' title='bbox 572 941 704 1014; x_wconf 80' lang='lat' dir='ltr'>quaestio</span> <span class='ocrx_word' id='word_1_39' title='bbox 726 939 904 998; x_wconf 86' lang='lat' dir='ltr'>instituenda</span> <span class='ocrx_word' id='word_1_40' title='bbox 925 939 1049 998; x_wconf 90' lang='lat' dir='ltr'>videtur.</span> <span class='ocrx_word' id='word_1_41' title='bbox 1093 939 1159 1001; x_wconf 88' lang='lat' dir='ltr'>Hac</span> <span class='ocrx_word' id='word_1_42' title='bbox 1187 942 1265 1002; x_wconf 89' lang='lat' dir='ltr'>duae</span> 
     </span>
     <span class='ocr_line' id='line_1_8' title="bbox 240 1041 1265 1138; baseline 0.005 -39"><span class='ocrx_word' id='word_1_43' title='bbox 240 1044 427 1118; x_wconf 85' lang='lat' dir='ltr'>quaestiones</span> <span class='ocrx_word' id='word_1_44' title='bbox 448 1045 491 1101; x_wconf 89' lang='lat' dir='ltr'>ita</span> <span class='ocrx_word' id='word_1_45' title='bbox 512 1045 587 1101; x_wconf 90' lang='lat' dir='ltr'>inter</span> <span class='ocrx_word' id='word_1_46' title='bbox 609 1060 675 1102; x_wconf 92' lang='lat' dir='ltr'>sese</span> <span class='ocrx_word' id='word_1_47' title='bbox 693 1041 864 1119; x_wconf 83' lang='lat' dir='ltr'>colligatae</span> <span class='ocrx_word' id='word_1_48' title='bbox 874 1048 956 1132; x_wconf 86' lang='lat' dir='ltr'>sunt,</span> <span class='ocrx_word' id='word_1_49' title='bbox 979 1048 1012 1101; x_wconf 96' lang='grc' dir='ltr'>ιιι</span> <span class='ocrx_word' id='word_1_50' title='bbox 1042 1042 1135 1138; x_wconf 86' lang='lat' dir='ltr'>altera</span> <span class='ocrx_word' id='word_1_51' title='bbox 1163 1061 1265 1105; x_wconf 86' lang='lat' dir='ltr'>veram</span> 
     </span>
     <span class='ocr_line' id='line_1_9' title="bbox 239 1067 1320 1224; baseline 0.007 -20"><span class='ocrx_word' id='word_1_52' title='bbox 239 1144 466 1224; x_wconf 84' lang='lat' dir='ltr'>philosophandi</span> <span class='ocrx_word' id='word_1_53' title='bbox 488 1151 582 1204; x_wconf 84' lang='lat' dir='ltr'>artem</span> <span class='ocrx_word' id='word_1_54' title='bbox 602 1147 741 1224; x_wconf 76' lang='lat' dir='ltr'>proterat,</span> <span class='ocrx_word' id='word_1_55' title='bbox 765 1163 823 1222; x_wconf 87' lang='lat' dir='ltr'>qua</span> <span class='ocrx_word' id='word_1_56' title='bbox 840 1144 907 1205; x_wconf 88' lang='lat' dir='ltr'>sola</span> <span class='ocrx_word' id='word_1_57' title='bbox 930 1149 1027 1207; x_wconf 85' lang='lat' dir='ltr'>onmia</span> <span class='ocrx_word' id='word_1_58' title='bbox 1049 1133 1166 1208; x_wconf 88' lang='lat' dir='ltr'>omniuo</span> <span class='ocrx_word' id='word_1_59' title='bbox 1190 1166 1263 1209; x_wconf 90' lang='lat' dir='ltr'>con·</span> <span class='ocrx_word' id='word_1_60' title='bbox 1317 1067 1320 1212; x_wconf 60' lang='lat' dir='ltr'>l</span> 
     </span>
     <span class='ocr_line' id='line_1_10' title="bbox 237 1248 1260 1336; baseline 0.003 -27"><span class='ocrx_word' id='word_1_61' title='bbox 237 1253 326 1310; x_wconf 85' lang='lat' dir='ltr'>traria</span> <span class='ocrx_word' id='word_1_62' title='bbox 347 1251 488 1330; x_wconf 85' lang='lat' dir='ltr'>disputari</span> <span class='ocrx_word' id='word_1_63' title='bbox 509 1256 597 1326; x_wconf 86' lang='lat' dir='ltr'>atque</span> <span class='ocrx_word' id='word_1_64' title='bbox 612 1249 733 1310; x_wconf 84' lang='lat' dir='ltr'>dissolui</span> <span class='ocrx_word' id='word_1_65' title='bbox 747 1252 870 1327; x_wconf 82' lang='lat' dir='ltr'>possint,</span> <span class='ocrx_word' id='word_1_66' title='bbox 886 1248 980 1313; x_wconf 85' lang='lat' dir='ltr'>altera</span> <span class='ocrx_word' id='word_1_67' title='bbox 992 1258 1093 1336; x_wconf 78' lang='lat' dir='ltr'>autem</span> <span class='ocrx_word' id='word_1_68' title='bbox 1105 1251 1142 1310; x_wconf 90' lang='lat' dir='ltr'>ad</span> <span class='ocrx_word' id='word_1_69' title='bbox 1151 1260 1260 1312; x_wconf 86' lang='lat' dir='ltr'>certam</span> 
     </span>
     <span class='ocr_line' id='line_1_11' title="bbox 232 1352 1259 1432; baseline 0.002 -18"><span class='ocrx_word' id='word_1_70' title='bbox 232 1352 321 1414; x_wconf 84' lang='lat' dir='ltr'>illam</span> <span class='ocrx_word' id='word_1_71' title='bbox 331 1361 419 1430; x_wconf 88' lang='lat' dir='ltr'>atque</span> <span class='ocrx_word' id='word_1_72' title='bbox 429 1353 577 1415; x_wconf 84' lang='lat' dir='ltr'>delinitam</span> <span class='ocrx_word' id='word_1_73' title='bbox 589 1355 961 1432; x_wconf 85' lang='lat' dir='ltr'>oppositionemreieratur,</span> <span class='ocrx_word' id='word_1_74' title='bbox 973 1357 1005 1414; x_wconf 90' lang='lat' dir='ltr'>in</span> <span class='ocrx_word' id='word_1_75' title='bbox 1014 1372 1074 1431; x_wconf 85' lang='lat' dir='ltr'>qua</span> <span class='ocrx_word' id='word_1_76' title='bbox 1089 1355 1259 1416; x_wconf 80' lang='lat' dir='ltr'>Platonicae</span> 
     </span>
     <span class='ocr_line' id='line_1_12' title="bbox 236 1440 1258 1537; baseline -0.001 -20"><span class='ocrx_word' id='word_1_77' title='bbox 236 1440 452 1536; x_wconf 82' lang='lat' dir='ltr'>metaphysices</span> <span class='ocrx_word' id='word_1_78' title='bbox 480 1461 624 1537; x_wconf 75' lang='lat' dir='ltr'>principie</span> <span class='ocrx_word' id='word_1_79' title='bbox 652 1465 811 1518; x_wconf 86' lang='lat' dir='ltr'>versentur.</span> <span class='ocrx_word' id='word_1_80' title='bbox 853 1458 950 1534; x_wconf 76' lang='lat' dir='ltr'>&#39;Nem</span> <span class='ocrx_word' id='word_1_81' title='bbox 968 1462 993 1518; x_wconf 93' lang='lat' dir='ltr'>si</span> <span class='ocrx_word' id='word_1_82' title='bbox 1023 1461 1087 1536; x_wconf 87' lang='lat' dir='ltr'>quis</span> <span class='ocrx_word' id='word_1_83' title='bbox 1117 1463 1258 1519; x_wconf 85' lang='lat' dir='ltr'>contraria</span> 
     </span>
     <span class='ocr_line' id='line_1_13' title="bbox 236 1547 1320 1652; baseline -0.002 -30"><span class='ocrx_word' id='word_1_84' title='bbox 236 1547 438 1640; x_wconf 82' lang='lat' dir='ltr'>metaphysica</span> <span class='ocrx_word' id='word_1_85' title='bbox 458 1563 535 1622; x_wconf 89' lang='lat' dir='ltr'>inter</span> <span class='ocrx_word' id='word_1_86' title='bbox 555 1579 620 1622; x_wconf 89' lang='lat' dir='ltr'>sese</span> <span class='ocrx_word' id='word_1_87' title='bbox 642 1561 831 1625; x_wconf 84' lang='lat' dir='ltr'>reconciliare</span> <span class='ocrx_word' id='word_1_88' title='bbox 853 1561 935 1639; x_wconf 89' lang='lat' dir='ltr'>velit,</span> <span class='ocrx_word' id='word_1_89' title='bbox 958 1563 1038 1624; x_wconf 91' lang='lat' dir='ltr'>haud</span> <span class='ocrx_word' id='word_1_90' title='bbox 1060 1581 1164 1642; x_wconf 81' lang='lat' dir='ltr'>expers</span> <span class='ocrx_word' id='word_1_91' title='bbox 1178 1579 1258 1634; x_wconf 58' lang='lat' dir='ltr'>⁸csse</span> <span class='ocrx_word' id='word_1_92' title='bbox 1319 1633 1320 1652; x_wconf 13' lang='grc' dir='ltr'><strong>Χ</strong></span> 
     </span>
    </p>

    <p class='ocr_par' dir='ltr' id='par_1_4' title="bbox 165 1653 1262 1850">
     <span class='ocr_line' id='line_1_14' title="bbox 165 1653 1262 1744; baseline 0 -18"><span class='ocrx_word' id='word_1_93' title='bbox 165 1654 167 1661; x_wconf 59' lang='lat'><em>&#39;</em></span> <span class='ocrx_word' id='word_1_94' title='bbox 238 1667 325 1727; x_wconf 87' lang='lat' dir='ltr'>dehet</span> <span class='ocrx_word' id='word_1_95' title='bbox 341 1665 460 1743; x_wconf 78' lang='lat' dir='ltr'>logicae</span> <span class='ocrx_word' id='word_1_96' title='bbox 482 1674 570 1742; x_wconf 88' lang='lat' dir='ltr'>atque</span> <span class='ocrx_word' id='word_1_97' title='bbox 592 1655 722 1727; x_wconf 77' lang='lat' dir='ltr'>lornralie</span> <span class='ocrx_word' id='word_1_98' title='bbox 744 1670 818 1744; x_wconf 79' lang='lat' dir='ltr'>riae,</span> <span class='ocrx_word' id='word_1_99' title='bbox 843 1653 1099 1743; x_wconf 85' lang='lat' dir='ltr'>quesolummodo</span> <span class='ocrx_word' id='word_1_100' title='bbox 1114 1669 1262 1728; x_wconf 86' lang='lat' dir='ltr'>contraria</span> 
     </span>
     <span class='ocr_line' id='line_1_15' title="bbox 237 1771 610 1850; baseline -0.003 -21"><span class='ocrx_word' id='word_1_101' title='bbox 237 1789 305 1830; x_wconf 88' lang='lat' dir='ltr'>vere</span> <span class='ocrx_word' id='word_1_102' title='bbox 328 1771 468 1849; x_wconf 88' lang='lat' dir='ltr'>disputari</span> <span class='ocrx_word' id='word_1_103' title='bbox 488 1773 610 1850; x_wconf 87' lang='lat' dir='ltr'>possint.</span> 
     </span>
    </p>

    <p class='ocr_par' dir='ltr' id='par_1_5' title="bbox 283 1873 1260 1952">
     <span class='ocr_line' id='line_1_16' title="bbox 283 1873 1260 1952; baseline 0.002 -18"><span class='ocrx_word' id='word_1_104' title='bbox 283 1875 430 1936; x_wconf 72' lang='lat' dir='ltr'>‘Primmn</span> <span class='ocrx_word' id='word_1_105' title='bbox 451 1878 539 1951; x_wconf 85' lang='lat' dir='ltr'>igitur</span> <span class='ocrx_word' id='word_1_106' title='bbox 559 1873 690 1936; x_wconf 85' lang='lat' dir='ltr'>lorrualis</span> <span class='ocrx_word' id='word_1_107' title='bbox 711 1873 938 1952; x_wconf 87' lang='lat' dir='ltr'>philosophandi</span> <span class='ocrx_word' id='word_1_108' title='bbox 959 1879 1034 1944; x_wconf 88' lang='lat' dir='ltr'>ratio</span> <span class='ocrx_word' id='word_1_109' title='bbox 1057 1881 1107 1936; x_wconf 86' lang='lat' dir='ltr'>aut</span> <span class='ocrx_word' id='word_1_110' title='bbox 1130 1891 1176 1935; x_wconf 88' lang='lat' dir='ltr'>ars</span> <span class='ocrx_word' id='word_1_111' title='bbox 1192 1873 1260 1936; x_wconf 88' lang='lat' dir='ltr'>dia-</span> 
     </span>
    </p>

    <p class='ocr_par' dir='ltr' id='par_1_6' title="bbox 190 1977 1314 2790">
     <span class='ocr_line' id='line_1_17' title="bbox 190 1977 1257 2069; baseline 0.001 -31"><span class='ocrx_word' id='word_1_112' title='bbox 190 2011 197 2028; x_wconf 89' lang='lat'><strong>·</strong></span> <span class='ocrx_word' id='word_1_113' title='bbox 236 1978 343 2039; x_wconf 86' lang='lat' dir='ltr'>lectica</span> <span class='ocrx_word' id='word_1_114' title='bbox 364 1982 406 2038; x_wconf 87' lang='lat' dir='ltr'>ita</span> <span class='ocrx_word' id='word_1_115' title='bbox 427 1977 587 2040; x_wconf 81' lang='lat' dir='ltr'>excolenda</span> <span class='ocrx_word' id='word_1_116' title='bbox 601 1995 666 2039; x_wconf 88' lang='lat' dir='ltr'>esse</span> <span class='ocrx_word' id='word_1_117' title='bbox 680 1977 804 2069; x_wconf 76' lang='lat' dir='ltr'>videtin,</span> <span class='ocrx_word' id='word_1_118' title='bbox 828 1987 861 2040; x_wconf 92' lang='lat' dir='ltr'>ut</span> <span class='ocrx_word' id='word_1_119' title='bbox 874 1978 1033 2040; x_wconf 83' lang='lat' dir='ltr'>solvendae</span> <span class='ocrx_word' id='word_1_120' title='bbox 1055 1980 1141 2058; x_wconf 87' lang='lat' dir='ltr'>alteri</span> <span class='ocrx_word' id='word_1_121' title='bbox 1160 1985 1257 2056; x_wconf 83' lang='lat' dir='ltr'>&#39;quae-</span> 
     </span>
     <span class='ocr_line' id='line_1_18' title="bbox 237 2081 1259 2163; baseline -0.002 -19"><span class='ocrx_word' id='word_1_122' title='bbox 237 2087 325 2144; x_wconf 86' lang='lat' dir='ltr'>stioni</span> <span class='ocrx_word' id='word_1_123' title='bbox 339 2083 481 2160; x_wconf 83' lang='lat' dir='ltr'>sufficiat,</span> <span class='ocrx_word' id='word_1_124' title='bbox 511 2086 542 2143; x_wconf 91' lang='lat' dir='ltr'>in</span> <span class='ocrx_word' id='word_1_125' title='bbox 571 2101 629 2160; x_wconf 88' lang='lat' dir='ltr'>qua</span> <span class='ocrx_word' id='word_1_126' title='bbox 656 2085 752 2160; x_wconf 84' lang='lat' dir='ltr'>prima</span> <span class='ocrx_word' id='word_1_127' title='bbox 772 2081 954 2146; x_wconf 80' lang='lat' dir='ltr'>Pamtenidis</span> <span class='ocrx_word' id='word_1_128' title='bbox 975 2102 1043 2163; x_wconf 89' lang='lat' dir='ltr'>pars</span> <span class='ocrx_word' id='word_1_129' title='bbox 1065 2086 1235 2160; x_wconf 84' lang='lat' dir='ltr'>tanquam</span> <span class='ocrx_word' id='word_1_130' title='bbox 1225 2103 1259 2142; x_wconf 87' lang='grc' dir='ltr'>ιιι</span> 
     </span>
     <span class='ocr_line' id='line_1_19' title="bbox 230 2161 1260 2288; baseline -0.002 -40"><span class='ocrx_word' id='word_1_131' title='bbox 230 2161 353 2248; x_wconf 82' lang='lat' dir='ltr'>cardine</span> <span class='ocrx_word' id='word_1_132' title='bbox 374 2195 514 2250; x_wconf 83' lang='lat' dir='ltr'>versatur.</span> <span class='ocrx_word' id='word_1_133' title='bbox 544 2186 614 2250; x_wconf 81' lang='lat' dir='ltr'>Jam</span> <span class='ocrx_word' id='word_1_134' title='bbox 627 2203 824 2288; x_wconf 75' lang='lat' dir='ltr'>proponamus</span> <span class='ocrx_word' id='word_1_135' title='bbox 838 2177 946 2265; x_wconf 82' lang='lat' dir='ltr'>veram,</span> <span class='ocrx_word' id='word_1_136' title='bbox 963 2205 1037 2265; x_wconf 89' lang='lat' dir='ltr'>quae</span> <span class='ocrx_word' id='word_1_137' title='bbox 1053 2185 1208 2247; x_wconf 86' lang='lat' dir='ltr'>dialect</span> <span class='ocrx_word' id='word_1_138' title='bbox 1181 2193 1260 2246; x_wconf 81' lang='lat' dir='ltr'>tica</span> 
     </span>
     <span class='ocr_line' id='line_1_20' title="bbox 205 2287 1314 2378; baseline -0.002 -25.948"><span class='ocrx_word' id='word_1_139' title='bbox 205 2299 368 2378; x_wconf 71' lang='lat' dir='ltr'>uocatu,</span> <span class='ocrx_word' id='word_1_140' title='bbox 390 2287 616 2378; x_wconf 86' lang='lat' dir='ltr'>philosophandi</span> <span class='ocrx_word' id='word_1_141' title='bbox 639 2290 808 2352; x_wconf 89' lang='lat' dir='ltr'>methodum</span> <span class='ocrx_word' id='word_1_142' title='bbox 823 2293 860 2351; x_wconf 85' lang='lat' dir='ltr'>ed</span> <span class='ocrx_word' id='word_1_143' title='bbox 883 2294 1027 2352; x_wconf 86' lang='lat' dir='ltr'>contraria</span> <span class='ocrx_word' id='word_1_144' title='bbox 1042 2294 1118 2352; x_wconf 89' lang='lat' dir='ltr'>inter</span> <span class='ocrx_word' id='word_1_145' title='bbox 1131 2309 1196 2351; x_wconf 89' lang='lat' dir='ltr'>sese</span> <span class='ocrx_word' id='word_1_146' title='bbox 1210 2308 1261 2350; x_wconf 87' lang='lat' dir='ltr'>rc·</span> <span class='ocrx_word' id='word_1_147' title='bbox 1312 2367 1314 2376; x_wconf 26' lang='grc' dir='ltr'>Ι</span> 
     </span>
     <span class='ocr_line' id='line_1_21' title="bbox 210 2379 1257 2474; baseline -0.009 -17.753"><span class='ocrx_word' id='word_1_148' title='bbox 210 2379 431 2458; x_wconf 81' lang='lat' dir='ltr'>&#39;concilianda</span> <span class='ocrx_word' id='word_1_149' title='bbox 488 2395 578 2474; x_wconf 84' lang='lat' dir='ltr'>Cujus</span> <span class='ocrx_word' id='word_1_150' title='bbox 608 2393 780 2457; x_wconf 86' lang='lat' dir='ltr'>dialecticae</span> <span class='ocrx_word' id='word_1_151' title='bbox 808 2399 879 2456; x_wconf 86' lang='lat' dir='ltr'>artie</span> <span class='ocrx_word' id='word_1_152' title='bbox 894 2395 966 2472; x_wconf 80' lang='lat' dir='ltr'>iege</span> <span class='ocrx_word' id='word_1_153' title='bbox 991 2395 1048 2464; x_wconf 84' lang='lat' dir='ltr'>hoc</span> <span class='ocrx_word' id='word_1_154' title='bbox 1072 2397 1257 2470; x_wconf 86' lang='lat' dir='ltr'>potissimum</span> 
     </span>
     <span class='ocr_line' id='line_1_22' title="bbox 237 2499 1257 2592; baseline -0.005 -33"><span class='ocrx_word' id='word_1_155' title='bbox 237 2503 422 2592; x_wconf 83' lang='lat' dir='ltr'>praecipitur,</span> <span class='ocrx_word' id='word_1_156' title='bbox 445 2507 479 2559; x_wconf 91' lang='grc' dir='ltr'>ιιι</span> <span class='ocrx_word' id='word_1_157' title='bbox 500 2517 558 2559; x_wconf 91' lang='lat' dir='ltr'>non</span> <span class='ocrx_word' id='word_1_158' title='bbox 579 2500 691 2575; x_wconf 82' lang='lat' dir='ltr'>ruodo,</span> <span class='ocrx_word' id='word_1_159' title='bbox 715 2502 746 2559; x_wconf 87' lang='lat' dir='ltr'>si</span> <span class='ocrx_word' id='word_1_160' title='bbox 769 2507 823 2560; x_wconf 87' lang='lat' dir='ltr'>est</span> <span class='ocrx_word' id='word_1_161' title='bbox 836 2499 985 2576; x_wconf 88' lang='lat' dir='ltr'>aliquid,</span> <span class='ocrx_word' id='word_1_162' title='bbox 1012 2513 1196 2574; x_wconf 90' lang='lat' dir='ltr'>supponas</span> <span class='ocrx_word' id='word_1_163' title='bbox 1219 2513 1257 2555; x_wconf 90' lang='lat' dir='ltr'>ac</span> 
     </span>
     <span class='ocr_line' id='line_1_23' title="bbox 238 2603 1258 2681; baseline -0.005 -17"><span class='ocrx_word' id='word_1_164' title='bbox 238 2604 343 2664; x_wconf 89' lang='lat' dir='ltr'>deinde</span> <span class='ocrx_word' id='word_1_165' title='bbox 366 2605 440 2681; x_wconf 88' lang='lat' dir='ltr'>qua&#39;e</span> <span class='ocrx_word' id='word_1_166' title='bbox 461 2607 635 2681; x_wconf 87' lang='lat' dir='ltr'>proveniant</span> <span class='ocrx_word' id='word_1_167' title='bbox 662 2605 843 2681; x_wconf 86' lang='lat' dir='ltr'>consideres,</span> <span class='ocrx_word' id='word_1_168' title='bbox 870 2621 971 2664; x_wconf 88' lang='lat' dir='ltr'>verum</span> <span class='ocrx_word' id='word_1_169' title='bbox 999 2604 1102 2680; x_wconf 89' lang='lat' dir='ltr'>etiam,</span> <span class='ocrx_word' id='word_1_170' title='bbox 1130 2603 1169 2661; x_wconf 91' lang='lat' dir='ltr'>si</span> <span class='ocrx_word' id='word_1_171' title='bbox 1184 2618 1258 2660; x_wconf 91' lang='lat' dir='ltr'>non</span> 
     </span>
     <span class='ocr_line' id='line_1_24' title="bbox 237 2706 1258 2790; baseline -0.004 -20"><span class='ocrx_word' id='word_1_172' title='bbox 237 2713 294 2785; x_wconf 91' lang='lat' dir='ltr'>sit,</span> <span class='ocrx_word' id='word_1_173' title='bbox 310 2709 478 2790; x_wconf 91' lang='lat' dir='ltr'>idipsum</span> <span class='ocrx_word' id='word_1_174' title='bbox 492 2687 1258 2788; x_wconf 86' lang='lat' dir='ltr'>supponasqnaequeindeproveniantconsideres.</span> 
     </span>
    </p>

    <p class='ocr_par' dir='ltr' id='par_1_7' title="bbox 149 2809 1318 3318">
     <span class='ocr_line' id='line_1_25' title="bbox 149 2809 1258 2892; baseline -0.006 -19"><span class='ocrx_word' id='word_1_175' title='bbox 149 2809 151 2812; x_wconf 72' lang='grc'><strong>’</strong></span> <span class='ocrx_word' id='word_1_176' title='bbox 237 2813 278 2873; x_wconf 94' lang='lat' dir='ltr'>Ut</span> <span class='ocrx_word' id='word_1_177' title='bbox 297 2815 385 2888; x_wconf 83' lang='lat' dir='ltr'>igitur</span> <span class='ocrx_word' id='word_1_178' title='bbox 406 2814 484 2872; x_wconf 88' lang='lat' dir='ltr'>idem</span> <span class='ocrx_word' id='word_1_179' title='bbox 505 2812 572 2890; x_wconf 80' lang='lat' dir='ltr'>aliis</span> <span class='ocrx_word' id='word_1_180' title='bbox 592 2813 689 2874; x_wconf 88' lang='lat' dir='ltr'>verbis</span> <span class='ocrx_word' id='word_1_181' title='bbox 710 2813 857 2892; x_wconf 80' lang='lat' dir='ltr'>repetam,</span> <span class='ocrx_word' id='word_1_182' title='bbox 880 2809 1109 2872; x_wconf 77' lang='lat' dir='ltr'>dialectice-illa</span> <span class='ocrx_word' id='word_1_183' title='bbox 1130 2811 1236 2869; x_wconf 90' lang='lat' dir='ltr'>ratio</span> <span class='ocrx_word' id='word_1_184' title='bbox 1226 2827 1258 2866; x_wconf 91' lang='grc' dir='ltr'>ιιι</span> 
     </span>
     <span class='ocr_line' id='line_1_26' title="bbox 229 2899 1318 2993; baseline -0.007 -18"><span class='ocrx_word' id='word_1_185' title='bbox 229 2899 468 2993; x_wconf 34' lang='grc' dir='ltr'>ψισφοειιιιιιι,</span> <span class='ocrx_word' id='word_1_186' title='bbox 492 2917 569 2992; x_wconf 90' lang='lat' dir='ltr'>quod</span> <span class='ocrx_word' id='word_1_187' title='bbox 591 2924 620 2976; x_wconf 88' lang='lat' dir='ltr'>et</span> <span class='ocrx_word' id='word_1_188' title='bbox 640 2917 732 2979; x_wconf 89' lang='lat' dir='ltr'>thesis</span> <span class='ocrx_word' id='word_1_189' title='bbox 755 2925 785 2978; x_wconf 89' lang='lat' dir='ltr'>ct</span> <span class='ocrx_word' id='word_1_190' title='bbox 806 2916 961 2992; x_wconf 85' lang='lat' dir='ltr'>antithesis</span> <span class='ocrx_word' id='word_1_191' title='bbox 989 2909 1142 2993; x_wconf 76' lang='lat' dir='ltr'>perspicue</span> <span class='ocrx_word' id='word_1_192' title='bbox 1165 2926 1253 2970; x_wconf 82' lang='lat' dir='ltr'>exco—</span> <span class='ocrx_word' id='word_1_193' title='bbox 1317 2967 1318 2986; x_wconf 55' lang='lat'>,</span> 
     </span>
     <span class='ocr_line' id='line_1_27' title="bbox 237 3019 1256 3098; baseline -0.009 -19"><span class='ocrx_word' id='word_1_194' title='bbox 237 3019 337 3079; x_wconf 81' lang='lat' dir='ltr'>lentur</span> <span class='ocrx_word' id='word_1_195' title='bbox 358 3023 400 3079; x_wconf 87' lang='lat' dir='ltr'>ita</span> <span class='ocrx_word' id='word_1_196' title='bbox 420 3019 538 3096; x_wconf 87' lang='lat' dir='ltr'>quidem</span> <span class='ocrx_word' id='word_1_197' title='bbox 558 3027 591 3080; x_wconf 90' lang='lat' dir='ltr'>ut</span> <span class='ocrx_word' id='word_1_198' title='bbox 610 3023 656 3098; x_wconf 91' lang='lat' dir='ltr'>iis,</span> <span class='ocrx_word' id='word_1_199' title='bbox 679 3039 755 3098; x_wconf 87' lang='lat' dir='ltr'>quae</span> <span class='ocrx_word' id='word_1_200' title='bbox 776 3024 921 3097; x_wconf 82' lang='lat' dir='ltr'>utrimque</span> <span class='ocrx_word' id='word_1_201' title='bbox 949 3021 1130 3098; x_wconf 86' lang='lat' dir='ltr'>preveniunt,</span> <span class='ocrx_word' id='word_1_202' title='bbox 1161 3029 1256 3090; x_wconf 86' lang='lat' dir='ltr'>expo-</span> 
     </span>
     <span class='ocr_line' id='line_1_28' title="bbox 238 3105 1260 3204; baseline -0.002 -20"><span class='ocrx_word' id='word_1_203' title='bbox 238 3126 302 3184; x_wconf 90' lang='lat' dir='ltr'>sitis</span> <span class='ocrx_word' id='word_1_204' title='bbox 330 3130 359 3184; x_wconf 89' lang='lat' dir='ltr'>et</span> <span class='ocrx_word' id='word_1_205' title='bbox 379 3105 420 3182; x_wconf 86' lang='lat' dir='ltr'>¹in</span> <span class='ocrx_word' id='word_1_206' title='bbox 440 3130 590 3201; x_wconf 89' lang='lat' dir='ltr'>utramque</span> <span class='ocrx_word' id='word_1_207' title='bbox 612 3119 724 3204; x_wconf 81' lang='lat' dir='ltr'>partem</span> <span class='ocrx_word' id='word_1_208' title='bbox 752 3124 853 3186; x_wconf 88' lang='lat' dir='ltr'>relatis</span> <span class='ocrx_word' id='word_1_209' title='bbox 874 3121 1013 3204; x_wconf 90' lang='lat' dir='ltr'>&#39;quidquid</span> <span class='ocrx_word' id='word_1_210' title='bbox 1034 3124 1066 3182; x_wconf 92' lang='lat' dir='ltr'>in</span> <span class='ocrx_word' id='word_1_211' title='bbox 1086 3119 1260 3198; x_wconf 72' lang='lat' dir='ltr'>praemissis</span> 
     </span>
     <span class='ocr_line' id='line_1_29' title="bbox 238 3209 1262 3318; baseline -0.005 -32"><span class='ocrx_word' id='word_1_212' title='bbox 238 3227 311 3288; x_wconf 88' lang='lat' dir='ltr'>latet</span> <span class='ocrx_word' id='word_1_213' title='bbox 339 3229 473 3288; x_wconf 88' lang='lat' dir='ltr'>distincte</span> <span class='ocrx_word' id='word_1_214' title='bbox 502 3209 593 3307; x_wconf 85' lang='lat' dir='ltr'>atque¹</span> <span class='ocrx_word' id='word_1_215' title='bbox 619 3237 755 3292; x_wconf 85' lang='lat' dir='ltr'>accurate</span> <span class='ocrx_word' id='word_1_216' title='bbox 785 3227 955 3316; x_wconf 67' lang='lat' dir='ltr'>applicatur.</span> <span class='ocrx_word' id='word_1_217' title='bbox 968 3228 995 3265; x_wconf 78' lang='lat'>²⁶</span> <span class='ocrx_word' id='word_1_218' title='bbox 1038 3225 1072 3318; x_wconf 84' lang='lat' dir='ltr'>Si</span> <span class='ocrx_word' id='word_1_219' title='bbox 1092 3225 1157 3301; x_wconf 88' lang='lat' dir='ltr'>quis</span> <span class='ocrx_word' id='word_1_220' title='bbox 1173 3225 1262 3286; x_wconf 86' lang='lat' dir='ltr'>¹enim</span> 
     </span>
    </p>
   </div>
   <div class='ocr_carea' id='block_1_4' title="bbox 240 3401 447 3419">
    <p class='ocr_par' dir='ltr' id='par_1_8' title="bbox 240 3401 447 3419">
     <span class='ocr_line' id='line_1_30' title="bbox 240 3401 447 3419; baseline -0.005 -6"><span class='ocrx_word' id='word_1_221' title='bbox 240 3401 447 3419; x_wconf 50' lang='grc' dir='ltr'>μμ-..φ-Α--ο-</span> 
     </span>
    </p>
   </div>
   <div class='ocr_carea' id='block_1_5' title="bbox 190 3520 1271 3963">
    <p class='ocr_par' dir='ltr' id='par_1_9' title="bbox 201 3520 1266 3638">
     <span class='ocr_line' id='line_1_31' title="bbox 201 3520 1266 3638; baseline -0.006 -46"><span class='ocrx_word' id='word_1_222' title='bbox 201 3558 227 3614; x_wconf 76' lang='lat' dir='ltr'>p</span> <span class='ocrx_word' id='word_1_223' title='bbox 271 3525 390 3638; x_wconf 52' lang='grc' dir='ltr'>16χρη</span> <span class='ocrx_word' id='word_1_224' title='bbox 411 3529 447 3591; x_wconf 77' lang='grc' dir='ltr'>δὲ</span> <span class='ocrx_word' id='word_1_225' title='bbox 468 3552 519 3592; x_wconf 83' lang='grc' dir='ltr'>και</span> <span class='ocrx_word' id='word_1_226' title='bbox 509 3527 616 3593; x_wconf 83' lang='grc' dir='ltr'><strong><em>τοδε</em></strong></span> <span class='ocrx_word' id='word_1_227' title='bbox 637 3529 684 3592; x_wconf 74' lang='grc' dir='ltr'>ἔτι</span> <span class='ocrx_word' id='word_1_228' title='bbox 703 3527 784 3615; x_wconf 83' lang='grc' dir='ltr'><em>προς</em></span> <span class='ocrx_word' id='word_1_229' title='bbox 805 3524 886 3608; x_wconf 71' lang='grc' dir='ltr'>νότῳ</span> <span class='ocrx_word' id='word_1_230' title='bbox 908 3529 1041 3634; x_wconf 78' lang='grc' dir='ltr'>ποιεῖν,</span> <span class='ocrx_word' id='word_1_231' title='bbox 1051 3548 1112 3633; x_wconf 81' lang='grc' dir='ltr'>μη</span> <span class='ocrx_word' id='word_1_232' title='bbox 1130 3520 1266 3608; x_wconf 84' lang='grc' dir='ltr'><strong><em>μόνον</em></strong></span> 
     </span>
    </p>

    <p class='ocr_par' dir='ltr' id='par_1_10' title="bbox 190 3609 1267 3698">
     <span class='ocr_line' id='line_1_32' title="bbox 190 3609 1267 3698; baseline -0.004 -20"><span class='ocrx_word' id='word_1_233' title='bbox 190 3614 240 3670; x_wconf 81' lang='grc'>136</span> <span class='ocrx_word' id='word_1_234' title='bbox 327 3639 359 3679; x_wconf 84' lang='grc' dir='ltr'>ει</span> <span class='ocrx_word' id='word_1_235' title='bbox 379 3617 459 3686; x_wconf 77' lang='grc' dir='ltr'>ἔςιν</span> <span class='ocrx_word' id='word_1_236' title='bbox 475 3617 597 3693; x_wconf 64' lang='grc' dir='ltr'>ἔκαιε,</span> <span class='ocrx_word' id='word_1_237' title='bbox 615 3613 905 3698; x_wconf 62' lang='lat' dir='ltr'>onerationem</span> <span class='ocrx_word' id='word_1_238' title='bbox 922 3615 1055 3678; x_wconf 70' lang='grc' dir='ltr'><strong><em>σκοπεῖν</em></strong></span> <span class='ocrx_word' id='word_1_239' title='bbox 1069 3615 1112 3676; x_wconf 72' lang='grc' dir='ltr'>τὰ</span> <span class='ocrx_word' id='word_1_240' title='bbox 1104 3609 1267 3693; x_wconf 81' lang='grc' dir='ltr'><strong><em>συμβαί-</em></strong></span> 
     </span>
    </p>

    <p class='ocr_par' dir='ltr' id='par_1_11' title="bbox 198 3685 1270 3963">
     <span class='ocr_line' id='line_1_33' title="bbox 198 3685 1270 3788; baseline -0.009 -19"><span class='ocrx_word' id='word_1_241' title='bbox 198 3685 229 3738; x_wconf 65' lang='grc' dir='ltr'>Α·</span> <span class='ocrx_word' id='word_1_242' title='bbox 300 3723 424 3768; x_wconf 81' lang='grc' dir='ltr'><strong><em>νοντα</em></strong></span> <span class='ocrx_word' id='word_1_243' title='bbox 444 3704 479 3766; x_wconf 81' lang='grc' dir='ltr'>ἐκ</span> <span class='ocrx_word' id='word_1_244' title='bbox 498 3705 561 3788; x_wconf 80' lang='grc' dir='ltr'>ιη”ς</span> <span class='ocrx_word' id='word_1_245' title='bbox 582 3702 777 3780; x_wconf 63' lang='lat' dir='ltr'>duodeciens,</span> <span class='ocrx_word' id='word_1_246' title='bbox 807 3699 888 3765; x_wconf 75' lang='grc' dir='ltr'>αλλιὶ</span> <span class='ocrx_word' id='word_1_247' title='bbox 915 3701 978 3779; x_wconf 71' lang='lat' dir='ltr'>nat,</span> <span class='ocrx_word' id='word_1_248' title='bbox 1006 3697 1041 3762; x_wconf 82' lang='grc' dir='ltr'>εἰ</span> <span class='ocrx_word' id='word_1_249' title='bbox 1063 3722 1112 3785; x_wconf 84' lang='grc' dir='ltr'>μη</span> <span class='ocrx_word' id='word_1_250' title='bbox 1113 3697 1197 3768; x_wconf 65' lang='lat' dir='ltr'>dee</span> <span class='ocrx_word' id='word_1_251' title='bbox 1218 3696 1270 3760; x_wconf 76' lang='grc' dir='ltr'>τό</span> 
     </span>
     <span class='ocr_line' id='line_1_34' title="bbox 322 3784 1271 3871; baseline -0.003 -19"><span class='ocrx_word' id='word_1_252' title='bbox 322 3786 416 3853; x_wconf 74' lang='grc' dir='ltr'><strong><em>αὐτο</em></strong></span> <span class='ocrx_word' id='word_1_253' title='bbox 444 3810 550 3869; x_wconf 77' lang='grc' dir='ltr'>τετυ,</span> <span class='ocrx_word' id='word_1_254' title='bbox 572 3788 866 3866; x_wconf 68' lang='grc' dir='ltr'>νιιονίθεσθαι,</span> <span class='ocrx_word' id='word_1_255' title='bbox 895 3813 924 3852; x_wconf 82' lang='grc' dir='ltr'>ει</span> <span class='ocrx_word' id='word_1_256' title='bbox 915 3785 1041 3871; x_wconf 63' lang='lat' dir='ltr'>adhe</span> <span class='ocrx_word' id='word_1_257' title='bbox 1068 3784 1191 3868; x_wconf 77' lang='grc' dir='ltr'><strong><em>μᾶλλον</em></strong></span> <span class='ocrx_word' id='word_1_258' title='bbox 1213 3807 1271 3867; x_wconf 80' lang='grc' dir='ltr'>γν-</span> 
     </span>
     <span class='ocr_line' id='line_1_35' title="bbox 322 3877 525 3963; baseline 0.005 -24"><span class='ocrx_word' id='word_1_259' title='bbox 322 3877 525 3963; x_wconf 51' lang='grc' dir='ltr'>μνασθηἫναι</span> 
     </span>
    </p>
   </div>
   <div class='ocr_carea' id='block_1_6' title="bbox 0 0 1356 4560">
    <p class='ocr_par' dir='ltr' id='par_1_12' title="bbox 0 0 1356 4560">
     <span class='ocr_line' id='line_1_36' title="bbox 0 0 1356 4560; baseline 0 1"><span class='ocrx_word' id='word_1_260' title='bbox 0 0 1356 4560; x_wconf 95' lang='lat' dir='ltr'> </span> 
     </span>
    </p>
   </div>
  </div>
 </body>
</html>
