2704 4560
709 357 731 429 2

217 540 298 602 velut
319 544 495 621 principium
515 539 719 620 philosophiae
734 547 921 620 proponatur,
945 557 981 599 ex
1001 555 1057 618 quo
1073 541 1236 601 deducatur

219 653 249 706 et
270 646 307 705 ad
333 646 410 722 quod
436 646 574 722 dhigatur
600 647 692 705 omnis
718 645 921 724 philosophiae
948 644 1087 705 doctrina.
1140 644 1261 720 Quam

216 752 242 810 si
265 751 329 826 quis
351 749 517 827 probaverit
545 752 733 825 sententiam,
759 749 881 827 ·dialogo
910 755 1009 809 nostro
1032 748 1119 827 longe
1142 747 1233 834 alium

108 865 113 879 ’
217 852 316 913 locum
327 853 531 930 assignandum
549 841 614 914 asse
626 854 748 930 putabit.
773 839 842 914 Siue
858 853 945 913 dubio
958 855 1038 911 ohim
1056 859 1236 930 pertractata

217 954 390 1016 difficillima
410 973 589 1033 summaque
608 957 826 1034 metaphysioae
853 958 1024 1034 quaestione
1046 954 1236 1018 Parmenides

216 1063 340 1139 primam
362 1061 413 1120 obt
401 1061 505 1122 tinebit
527 1061 702 1150 dignitatem
717 1063 793 1120 inter
809 1060 940 1137 dialogos
960 1060 1064 1154 quibus
1080 1058 1237 1120 dialectica

216 1163 350 1228 Platonis
372 1158 539 1241 systematis
561 1167 703 1270 principia
725 1167 919 1224 continentur.

184 1265 191 1284 ⁸
258 1267 402 1329 Aeer'rimi
416 1269 518 1328 harum
532 1275 598 1328 sent
600 1274 648 1327 ent
649 1261 741 1328 iarmn
756 1269 924 1346 defensores
939 1285 1032 1345 nuper
1047 1269 1230 1328 exstiterunt:

216 1355 521 1434 Schleiermach'or
538 1355 666 1452 (euos
673 1371 783 1432 werke
798 1373 821 1431 1.
839 1371 905 1432 um.
922 1371 960 1431 u.
976 1373 1029 1431 Bu.
1046 1351 1164 1432 esau.
1180 1368 1231 1454 ιι).

279 1475 392 1554 Hegel
409 1471 621 1557 (Vorlesungon
635 1477 707 1536 iiber
722 1476 769 1535 die
786 1476 963 1537 Gesehiohte
978 1477 1029 1535 der
1043 1453 1234 1554 Philosophie

215 1578 254 1639 Π.
277 1580 330 1640 Bd.
355 1579 385 1640 S.
411 1583 535 1642 202u
545 1573 595 1662 li).

280 1683 398 1744 Zeller
421 1665 676 1764 (Platonisohet
637 1682 782 1744 Studien:
803 1665 967 1780 Abhaudlg
990 1681 1028 1743 Π.
1052 1648 1082 1744 S.
1109 1681 1230 1743 somff-

215 1787 274 1847 Dio
295 1787 486 1866 Philosophia
507 1789 558 1850 der
581 1787 734 1848 Grieohen.
764 1787 824 1848 Th.
844 1787 883 1847 11.
908 1786 947 1848 S.
963 1783 1034 1848 20'1.
1061 1787 1089 1846 ff.
1120 1807 1147 1846 u.
1170 1785 1232 1846 Αιι-

79 1923 86 1932 -
180 1890 345 2000 Ιιιιιιις8.
372 1888 557 1974 Sissumff).

282 1995 372 2056 Sed
359 2015 423 2074 Jam
442 1997 499 2074 ipsi
522 1997 685 2080 videamus,
713 2013 853 2114 quaeuom
878 2013 914 2054 ex
938 1995 984 2056 his
1006 1996 1156 2055 sententiis
1178 2013 1234 2071 ap-

216 2106 318 2179 pareat
338 2105 430 2160 veras
