2704 4560
688 362 737 444 80

193 557 256 622 sive
279 555 425 635 rejiciunt,
449 553 512 614 sive
533 557 685 634 patiuntur
707 571 807 616 smum.
851 547 927 612 Nam
950 553 981 610 et
1002 561 1109 624 unum,
1132 543 1231 624 quui

193 663 316 724 multis
338 661 547 740 participet,
572 666 607 718 et
629 659 754 734 mulia,
787 673 876 734 quae
898 671 968 714 uno
994 655 1229 731 participent,

165 761 167 766 ’
192 770 231 826 in
254 765 439 824 centraria
460 765 649 822 incurrere
670 759 866 839 philosophus
888 761 919 816 in
941 757 1081 816 sntlthesi
1108 754 1124 813 1
1152 758 1230 815 anti·
1339 779 1340 822 p

193 870 312 928 nomiae
335 868 417 924 etin
439 864 516 924 thesi
538 864 570 924 Π
591 867 770 922 antinomias
792 863 901 922 diserte
925 861 1094 938 explicavit.

261 967 360 1044 Quum
381 971 469 1044 igitur
490 984 582 1026 unum
603 965 756 1042 multaque
778 982 875 1040 neque
897 965 954 1026 sibi
975 965 1105 1021 invicem
1120 965 1229 1039 opponi

193 1087 288 1148 neque
310 1074 387 1129 inter
408 1086 475 1129 sese
496 1062 600 1128 referri
620 1071 752 1147 possint,
780 1068 842 1144 jam
863 1085 924 1126 non
953 1066 1056 1142 video,
1087 1065 1229 1142 quemad-

176 1175 313 1254 ,modum
333 1173 418 1231 litem
438 1178 571 1233 nestram
593 1187 814 1249 componamus.
855 1168 934 1244 Quid
956 1172 1033 1227 enim
1056 1153 1107 1228 imi
1128 1175 1229 1243 restat,

193 1279 219 1335 si
230 1245 260 1334 'a
281 1274 382 1335 multis
405 1275 535 1334 abesse
557 1277 667 1351 pariter
695 1280 783 1350 atque
813 1259 913 1331 multis
936 1272 1070 1335 edesse
1093 1270 1229 1330 vetettn‘?
1341 1320 1342 1360 3

194 1377 233 1438 Et
255 1379 326 1454 quid
348 1376 459 1453 multis,
483 1380 508 1436 si
531 1377 568 1436 ab
591 1395 650 1438 unu
673 1377 814 1437 abesse
841 1377 953 1453 pariter
972 1381 1118 1450 vetmtm,
1144 1383 1228 1452 etque
1341 1415 1342 1448 ÷

76 1496 78 1502 ’
193 1483 244 1539 uni
267 1479 418 1539 adesse?
439 1477 485 1538 Ac
507 1495 572 1555 nes,
598 1483 646 1555 qui
661 1479 739 1538 hanc
753 1496 817 1538 rem
831 1479 1018 1554 disseramus
1041 1495 1142 1536 nonne
1165 1481 1227 1538 sine

193 1581 256 1642 ullu
278 1585 373 1642 exitus
396 1599 450 1659 spe
479 1582 511 1641 tn
538 1581 705 1658 labyrintho
744 1584 828 1658 qussi
855 1581 963 1641 deserti
987 1597 1053 1643 esse
1075 1581 1230 1641 videmur?
1342 1640 1343 1644 ,

192 1685 257 1744 Nisi
279 1684 355 1744 sorte
371 1684 431 1743 alia
446 1686 593 1743 invenitur
613 1687 699 1759 ratio,
724 1701 782 1760 qua
805 1685 923 1759 quidem
945 1687 1031 1743 unius
1052 1684 1230 1745 multorum-

193 1805 250 1863 que
272 1789 408 1846 netiones
430 1789 508 1846 inter
529 1803 595 1848 sese
619 1787 758 1864 conjungi
779 1786 894 1864 liceat..
915 1785 1006 1860 Quas-
1020 1787 1127 1845 dixerit
1148 1790 1230 1864 quis-
1342 1779 1343 1860 i

192 1893 272 1967 piam
299 1907 318 1947 a
344 1890 433 1949 nobis
453 1893 557 1948 merito
581 1891 699 1965 quidem
719 1893 797 1948 inter
826 1907 893 1949 sese
910 1889 1031 1950 ,relatas
1063 1907 1147 1975 esse,
1178 1891 1231 1950 seui

192 1995 306 2052 ineerta
329 1992 456 2068 quadam
479 1983 508 2050 et
529 1995 748 2068 inconsiderata
768 1994 890 2051 ratione.
953 2033 956 2040 .

260 2093 338 2156 Nam
353 2111 422 2153 eum
444 2097 636 2171 oppositae
657 2099 744 2154 unius
756 2093 973 2171 multorumque
987 2097 1124 2183 notiones
1135 2099 1232 2157 neuti-

193 2215 282 2274 quam
293 2198 363 2255 ierri
373 2199 498 2274 possint,
508 2197 571 2274 jam
582 2197 686 2275 procul
702 2197 791 2275 dubio
805 2203 929 2273 constat,
954 2199 992 2257 ad
1009 2199 1231 2276 conjumgen·

193 2301 259 2360 das
282 2317 332 2359 eas
355 2316 410 2358 nos
433 2298 591 2358 dialectiea
614 2301 740 2376 quadam
762 2303 941 2360 necesstiate
965 2301 1107 2361 deductos
1131 2319 1208 2362 esse.

260 2397 368 2480 (Wenn
391 2402 456 2460 sich
479 2403 525 2460 die
547 2401 734 2462 Identitiit
756 2403 808 2463 des
829 2403 916 2464 Eius
939 2405 1000 2463 und
1022 2405 1074 2465 des
1095 2405 1231 2465 Vielen

191 2521 245 2562 aus
267 2503 319 2561 der
340 2503 646 2578 Unmiigliehkeit
667 2505 765 2566 ihres
794 2493 1051 2582 Gegensatzes·
1072 2505 1116 2566 als
1140 2506 1227 2581 phi·
1344 2519 1345 2536 ¹

128 2666 131 2674 ,
192 2605 783 2684 1οεορὴίεοὴθ,Νοϊὴψεηᾶίςκείι
809 2609 937 2686 engeben
957 2611 1012 2670 hat
1030 2641 1046 2657 ·
1067 2608 1125 2665 und
1147 2608 1224 2665 diess

193 2708 331 2767 Resultat
352 2709 425 2767 wind
447 2727 516 2768 man
537 2708 617 2769 wohl
639 2709 723 2768 nieht
743 2714 775 2769 in
796 2711 915 2772 Abrede
938 2714 1047 2774 stellen
1067 2728 1131 2771 -su
1153 2709 1228 2785 iolgt

193 2810 342 2871 zuntehst
364 2829 432 2886 nur,
463 2813 531 2871 dass
554 2813 601 2872 die
624 2811 781 2891 Identitiit,
812 2817 902 2875 deren
924 2815 1156 2892 Widerspniehe
1185 2815 1231 2872 (tie

192 2912 362 2972 Antithesis
383 2913 465 2972 derI
487 2915 548 2972 und
567 2916 617 2973 die
630 2915 737 2976 Thesis
758 2919 812 2977 der
825 2918 856 2976 Π
866 2919 1034 2979 Antinomie
1050 2917 1231 2990 entwickeit,

189 3016 293 3074 nieht
314 3015 372 3074 die
394 3015 513 3074 wahre
535 3013 719 3078 Identitut
741 3025 815 3091 sei,
838 3021 1107 3090 keinesweges
1130 3017 1228 3094 aber,

174 3119 277 3178 'dass
300 3119 360 3178 die
382 3117 564 3178 Identitiit
584 3121 794 3200 uberhaupt
815 3121 893 3181 sich
914 3117 1205 3202 widerspreehe.)

255 3203 342 3278 'nusi
367 3203 596 3296 conjunctae
611 3227 749 3284 notiones
772 3223 866 3283 utilius
879 3221 936 3280 sibi
958 3229 1134 3300 repugnant,
1159 3227 1230 3300 quid

188 3320 341 3396 sequitur?
363 3321 403 3381 Ut
425 3322 528 3384 nullo
551 3327 654 3386 modo
678 3327 820 3413 conjungi.
837 3324 973 3402 possint?
1010 3323 1134 3387 Minime
1143 3343 1226 3387 veno.

189 3422 328 3513 Sequitun
349 3427 464 3502 potius,
489 3433 522 3485 ut
550 3431 682 3488 nondum
709 3431 782 3488 satis
812 3435 883 3504 apto
912 3428 1035 3488 vineule
1063 3432 1140 3487 emer
1162 3445 1228 3489 sese

184 3525 444 3608 *eonjuneme'sint
468 3535 499 3588 et
520 3535 645 3590 rectiore
669 3533 795 3607 quadam
814 3534 865 3591 vis
880 3532 1065 3608 quaerendus
1086 3533 1125 3589 eit
1138 3535 1227 3592 unius
1252 3531 1263 3546 “

188 3626 405 3704 multorumque
414 3649 585 3693 consensus.
604 3628 750 3694 Onrenim
758 3637 936 3696 dissentiunt
948 3634 1161 3709 sunjunetae
1172 3654 1228 3694 nu-

187 3727 306 3788 tlones‘?
337 3730 414 3806 Quia
428 3751 527 3796 rerum
541 3741 773 3812 naturamatque
787 3739 957 3797 dismimina
968 3736 1066 3794 subire
1075 3735 1226 3810 Jubemm.

252 3829 340 3906 Quod
358 3838 447 3910 igitur
466 3839 554 3899 unius
573 3835 791 3916 multorumque
814 3853 975 3902 cousensus
990 3836 1047 3900 sibi
1061 3853 1227 3917 repugnans
