<?xml version="1.0" encoding="UTF-8"?>
<!DOCTYPE html PUBLIC "-//W3C//DTD XHTML 1.0 Transitional//EN"
    "http://www.w3.org/TR/xhtml1/DTD/xhtml1-transitional.dtd">
<html xmlns="http://www.w3.org/1999/xhtml" xml:lang="en" lang="en">
 <head>
  <title>
</title>
<meta http-equiv="Content-Type" content="text/html;charset=utf-8" />
  <meta name='ocr-system' content='tesseract 3.04.00' />
  <meta name='ocr-capabilities' content='ocr_page ocr_carea ocr_par ocr_line ocrx_word'/>
</head>
<body>
  <div class='ocr_page' id='page_1' title='image "./deparmenideplat00fiscgoog_0100.png"; bbox 0 0 2704 4560; ppageno 0'>
   <div class='ocr_carea' id='block_1_1' title="bbox 631 370 680 443">
    <p class='ocr_par' dir='ltr' id='par_1_1' title="bbox 631 370 680 443">
     <span class='ocr_line' id='line_1_1' title="bbox 631 370 680 443; baseline -0.02 0"><span class='ocrx_word' id='word_1_1' title='bbox 631 370 680 443; x_wconf 88' lang='grc'>89</span> 
     </span>
    </p>
   </div>
   <div class='ocr_carea' id='block_1_2' title="bbox 136 517 1175 1678">
    <p class='ocr_par' dir='ltr' id='par_1_2' title="bbox 138 517 1174 734">
     <span class='ocr_line' id='line_1_2' title="bbox 143 517 1174 632; baseline 0.008 -24"><span class='ocrx_word' id='word_1_2' title='bbox 143 569 147 586; x_wconf 90' lang='grc'><em>·</em></span> <span class='ocrx_word' id='word_1_3' title='bbox 202 547 281 626; x_wconf 86' lang='lat' dir='ltr'>Ergo</span> <span class='ocrx_word' id='word_1_4' title='bbox 304 568 395 610; x_wconf 92' lang='lat' dir='ltr'>unum</span> <span class='ocrx_word' id='word_1_5' title='bbox 415 567 476 611; x_wconf 81' lang='lat' dir='ltr'>nen</span> <span class='ocrx_word' id='word_1_6' title='bbox 498 568 551 614; x_wconf 87' lang='lat' dir='ltr'>ens</span> <span class='ocrx_word' id='word_1_7' title='bbox 573 517 679 631; x_wconf 61' lang='lat' dir='ltr'>neque</span> <span class='ocrx_word' id='word_1_8' title='bbox 691 557 789 632; x_wconf 83' lang='lat' dir='ltr'>ipsum</span> <span class='ocrx_word' id='word_1_9' title='bbox 812 569 879 615; x_wconf 87' lang='lat' dir='ltr'>esse</span> <span class='ocrx_word' id='word_1_10' title='bbox 899 552 1071 632; x_wconf 85' lang='lat' dir='ltr'>nequeullo</span> <span class='ocrx_word' id='word_1_11' title='bbox 1085 555 1174 616; x_wconf 87' lang='lat' dir='ltr'><strong>modo</strong></span> 
     </span>
     <span class='ocr_line' id='line_1_3' title="bbox 138 656 629 734; baseline 0.016 -24"><span class='ocrx_word' id='word_1_12' title='bbox 138 656 297 712; x_wconf 82' lang='lat' dir='ltr'><strong>essentiam</strong></span> <span class='ocrx_word' id='word_1_13' title='bbox 319 658 462 733; x_wconf 87' lang='lat' dir='ltr'>attingere</span> <span class='ocrx_word' id='word_1_14' title='bbox 484 660 629 734; x_wconf 84' lang='lat' dir='ltr'>pateat.¹²</span> 
     </span>
    </p>

    <p class='ocr_par' dir='ltr' id='par_1_3' title="bbox 137 754 1174 1145">
     <span class='ocr_line' id='line_1_4' title="bbox 204 754 1173 840; baseline 0.008 -26"><span class='ocrx_word' id='word_1_15' title='bbox 204 754 308 833; x_wconf 88' lang='lat' dir='ltr'>Itaque</span> <span class='ocrx_word' id='word_1_16' title='bbox 330 776 427 835; x_wconf 88' lang='lat' dir='ltr'>neque</span> <span class='ocrx_word' id='word_1_17' title='bbox 448 761 482 820; x_wconf 91' lang='lat' dir='ltr'>fit</span> <span class='ocrx_word' id='word_1_18' title='bbox 502 779 599 839; x_wconf 85' lang='lat' dir='ltr'>neque</span> <span class='ocrx_word' id='word_1_19' title='bbox 614 764 724 836; x_wconf 85' lang='lat' dir='ltr'>interit,</span> <span class='ocrx_word' id='word_1_20' title='bbox 746 779 844 838; x_wconf 91' lang='lat' dir='ltr'>neque</span> <span class='ocrx_word' id='word_1_21' title='bbox 860 765 986 839; x_wconf 78' lang='lat' dir='ltr'>quiescit</span> <span class='ocrx_word' id='word_1_22' title='bbox 1000 779 1173 840; x_wconf 86' lang='lat' dir='ltr'>nequema-</span> 
     </span>
     <span class='ocr_line' id='line_1_5' title="bbox 137 864 1174 943; baseline 0.009 -26"><span class='ocrx_word' id='word_1_23' title='bbox 137 864 223 918; x_wconf 78' lang='lat' dir='ltr'>velun</span> <span class='ocrx_word' id='word_1_24' title='bbox 230 903 239 934; x_wconf 88' lang='lat'><em>,</em></span> <span class='ocrx_word' id='word_1_25' title='bbox 271 878 367 938; x_wconf 91' lang='lat' dir='ltr'>neque</span> <span class='ocrx_word' id='word_1_26' title='bbox 396 865 493 938; x_wconf 81' lang='lat' dir='ltr'>simile</span> <span class='ocrx_word' id='word_1_27' title='bbox 521 883 618 943; x_wconf 89' lang='lat' dir='ltr'>neque</span> <span class='ocrx_word' id='word_1_28' title='bbox 648 866 807 942; x_wconf 82' lang='lat' dir='ltr'>dissimile,</span> <span class='ocrx_word' id='word_1_29' title='bbox 844 883 940 943; x_wconf 88' lang='lat' dir='ltr'>neque</span> <span class='ocrx_word' id='word_1_30' title='bbox 969 867 1049 926; x_wconf 84' lang='lat' dir='ltr'>idem</span> <span class='ocrx_word' id='word_1_31' title='bbox 1076 883 1174 943; x_wconf 84' lang='lat' dir='ltr'>neque</span> 
     </span>
     <span class='ocr_line' id='line_1_6' title="bbox 138 963 1173 1047; baseline 0.01 -25"><span class='ocrx_word' id='word_1_32' title='bbox 138 963 295 1041; x_wconf 82' lang='lat' dir='ltr'>diversum,</span> <span class='ocrx_word' id='word_1_33' title='bbox 318 983 414 1044; x_wconf 88' lang='lat' dir='ltr'>neque</span> <span class='ocrx_word' id='word_1_34' title='bbox 437 969 560 1046; x_wconf 86' lang='lat' dir='ltr'>aequale</span> <span class='ocrx_word' id='word_1_35' title='bbox 582 987 679 1046; x_wconf 88' lang='lat' dir='ltr'>neque</span> <span class='ocrx_word' id='word_1_36' title='bbox 700 969 857 1047; x_wconf 80' lang='lat' dir='ltr'>inaequale</span> <span class='ocrx_word' id='word_1_37' title='bbox 883 969 934 1030; x_wconf 78' lang='lat' dir='ltr'>vel</span> <span class='ocrx_word' id='word_1_38' title='bbox 955 972 1012 1032; x_wconf 89' lang='lat' dir='ltr'>sibi</span> <span class='ocrx_word' id='word_1_39' title='bbox 1033 969 1083 1030; x_wconf 84' lang='lat' dir='ltr'>vel</span> <span class='ocrx_word' id='word_1_40' title='bbox 1106 969 1173 1032; x_wconf 86' lang='lat' dir='ltr'>aliis</span> 
     </span>
     <span class='ocr_line' id='line_1_7' title="bbox 139 1075 375 1145; baseline 0.017 -19"><span class='ocrx_word' id='word_1_41' title='bbox 139 1083 204 1127; x_wconf 83' lang='lat' dir='ltr'>esse</span> <span class='ocrx_word' id='word_1_42' title='bbox 226 1075 334 1145; x_wconf 86' lang='lat' dir='ltr'>potest.</span> <span class='ocrx_word' id='word_1_43' title='bbox 349 1075 375 1110; x_wconf 81' lang='lat'>1³</span> 
     </span>
    </p>

    <p class='ocr_par' dir='ltr' id='par_1_4' title="bbox 136 1171 1175 1678">
     <span class='ocr_line' id='line_1_8' title="bbox 205 1171 1175 1254; baseline 0.007 -23"><span class='ocrx_word' id='word_1_44' title='bbox 205 1171 278 1233; x_wconf 83' lang='lat' dir='ltr'>Tale</span> <span class='ocrx_word' id='word_1_45' title='bbox 306 1177 404 1252; x_wconf 83' lang='lat' dir='ltr'>igitur,</span> <span class='ocrx_word' id='word_1_46' title='bbox 436 1194 504 1237; x_wconf 87' lang='lat' dir='ltr'>eum</span> <span class='ocrx_word' id='word_1_47' title='bbox 533 1179 652 1238; x_wconf 86' lang='lat' dir='ltr'>omnino</span> <span class='ocrx_word' id='word_1_48' title='bbox 681 1194 777 1253; x_wconf 91' lang='lat' dir='ltr'>neque</span> <span class='ocrx_word' id='word_1_49' title='bbox 806 1178 846 1236; x_wconf 92' lang='lat' dir='ltr'>ad</span> <span class='ocrx_word' id='word_1_50' title='bbox 873 1193 906 1238; x_wconf 85' lang='lat' dir='ltr'>se</span> <span class='ocrx_word' id='word_1_51' title='bbox 932 1193 1029 1254; x_wconf 88' lang='lat' dir='ltr'>neque</span> <span class='ocrx_word' id='word_1_52' title='bbox 1054 1176 1175 1238; x_wconf 88' lang='lat' dir='ltr'>adalia</span> 
     </span>
     <span class='ocr_line' id='line_1_9' title="bbox 137 1272 1174 1358; baseline 0.011 -27"><span class='ocrx_word' id='word_1_53' title='bbox 137 1272 228 1334; x_wconf 89' lang='lat' dir='ltr'>ullam</span> <span class='ocrx_word' id='word_1_54' title='bbox 239 1276 346 1339; x_wconf 88' lang='lat' dir='ltr'>habeat</span> <span class='ocrx_word' id='word_1_55' title='bbox 360 1283 515 1357; x_wconf 87' lang='lat' dir='ltr'>rationem,</span> <span class='ocrx_word' id='word_1_56' title='bbox 527 1299 570 1340; x_wconf 87' lang='lat' dir='ltr'>ne</span> <span class='ocrx_word' id='word_1_57' title='bbox 581 1284 761 1341; x_wconf 86' lang='lat' dir='ltr'>nominari</span> <span class='ocrx_word' id='word_1_58' title='bbox 774 1281 916 1357; x_wconf 88' lang='lat' dir='ltr'>quidem</span> <span class='ocrx_word' id='word_1_59' title='bbox 930 1286 1062 1358; x_wconf 87' lang='lat' dir='ltr'>petest.</span> <span class='ocrx_word' id='word_1_60' title='bbox 1088 1279 1174 1356; x_wconf 85' lang='lat' dir='ltr'>Qua-</span> 
     </span>
     <span class='ocr_line' id='line_1_10' title="bbox 137 1386 1174 1462; baseline 0.007 -25"><span class='ocrx_word' id='word_1_61' title='bbox 137 1387 257 1456; x_wconf 85' lang='lat' dir='ltr'>propter</span> <span class='ocrx_word' id='word_1_62' title='bbox 279 1386 370 1442; x_wconf 88' lang='lat' dir='ltr'>etiam</span> <span class='ocrx_word' id='word_1_63' title='bbox 392 1386 431 1443; x_wconf 90' lang='lat' dir='ltr'>ad</span> <span class='ocrx_word' id='word_1_64' title='bbox 452 1392 616 1444; x_wconf 88' lang='lat' dir='ltr'>nostram</span> <span class='ocrx_word' id='word_1_65' title='bbox 639 1388 889 1462; x_wconf 86' lang='lat' dir='ltr'>cognitionem</span> <span class='ocrx_word' id='word_1_66' title='bbox 918 1387 1070 1445; x_wconf 85' lang='lat' dir='ltr'>omnino</span> <span class='ocrx_word' id='word_1_67' title='bbox 1099 1402 1174 1444; x_wconf 88' lang='lat' dir='ltr'>non</span> 
     </span>
     <span class='ocr_line' id='line_1_11' title="bbox 136 1487 1173 1566; baseline 0.005 -25"><span class='ocrx_word' id='word_1_68' title='bbox 136 1487 347 1558; x_wconf 82' lang='lat' dir='ltr'>pertinet¹⁴</span> <span class='ocrx_word' id='word_1_69' title='bbox 390 1487 456 1548; x_wconf 87' lang='lat' dir='ltr'>His</span> <span class='ocrx_word' id='word_1_70' title='bbox 486 1490 605 1566; x_wconf 81' lang='lat' dir='ltr'>igitur</span> <span class='ocrx_word' id='word_1_71' title='bbox 631 1491 775 1550; x_wconf 79' lang='lat' dir='ltr'>caussis</span> <span class='ocrx_word' id='word_1_72' title='bbox 798 1507 913 1565; x_wconf 90' lang='lat' dir='ltr'>unum,</span> <span class='ocrx_word' id='word_1_73' title='bbox 944 1491 977 1549; x_wconf 86' lang='lat' dir='ltr'>si</span> <span class='ocrx_word' id='word_1_74' title='bbox 998 1505 1072 1548; x_wconf 87' lang='lat' dir='ltr'>non</span> <span class='ocrx_word' id='word_1_75' title='bbox 1103 1494 1173 1566; x_wconf 86' lang='lat' dir='ltr'>est,</span> 
     </span>
     <span class='ocr_line' id='line_1_12' title="bbox 142 1587 1074 1678; baseline 0.006 -32"><span class='ocrx_word' id='word_1_76' title='bbox 142 1587 246 1650; x_wconf 89' lang='lat' dir='ltr'>nullo</span> <span class='ocrx_word' id='word_1_77' title='bbox 268 1609 418 1669; x_wconf 87' lang='lat' dir='ltr'>prorsus</span> <span class='ocrx_word' id='word_1_78' title='bbox 440 1595 541 1654; x_wconf 85' lang='lat' dir='ltr'>modo</span> <span class='ocrx_word' id='word_1_79' title='bbox 564 1600 794 1678; x_wconf 73' lang='lat' dir='ltr'>anteaquam</span> <span class='ocrx_word' id='word_1_80' title='bbox 815 1611 896 1654; x_wconf 87' lang='lat' dir='ltr'>sese</span> <span class='ocrx_word' id='word_1_81' title='bbox 918 1592 1074 1654; x_wconf 80' lang='lat' dir='ltr'>habet¹⁵</span> 
     </span>
    </p>
   </div>
   <div class='ocr_carea' id='block_1_3' title="bbox 545 1818 757 1830">
    <p class='ocr_par' dir='ltr' id='par_1_5' title="bbox 545 1818 757 1830">
     <span class='ocr_line' id='line_1_13' title="bbox 545 1818 757 1830; baseline 0.009 -2"><span class='ocrx_word' id='word_1_82' title='bbox 545 1818 757 1830; x_wconf 54' lang='lat' dir='ltr'>m·</span> 
     </span>
    </p>
   </div>
   <div class='ocr_carea' id='block_1_4' title="bbox 136 1981 1174 2164">
    <p class='ocr_par' dir='ltr' id='par_1_6' title="bbox 136 1981 1174 2164">
     <span class='ocr_line' id='line_1_14' title="bbox 200 1981 1174 2058; baseline 0 -19"><span class='ocrx_word' id='word_1_83' title='bbox 200 1981 246 2040; x_wconf 83' lang='lat' dir='ltr'>En</span> <span class='ocrx_word' id='word_1_84' title='bbox 274 1983 331 2041; x_wconf 86' lang='lat' dir='ltr'>hae</span> <span class='ocrx_word' id='word_1_85' title='bbox 354 1986 517 2042; x_wconf 84' lang='lat' dir='ltr'>antinomia</span> <span class='ocrx_word' id='word_1_86' title='bbox 545 1981 735 2058; x_wconf 84' lang='lat' dir='ltr'>intelligitur,</span> <span class='ocrx_word' id='word_1_87' title='bbox 766 1998 867 2057; x_wconf 89' lang='lat' dir='ltr'>uuum,</span> <span class='ocrx_word' id='word_1_88' title='bbox 897 1983 924 2040; x_wconf 89' lang='lat' dir='ltr'>si</span> <span class='ocrx_word' id='word_1_89' title='bbox 952 1983 1091 2056; x_wconf 88' lang='lat' dir='ltr'>nonsit,</span> <span class='ocrx_word' id='word_1_90' title='bbox 1121 1986 1174 2041; x_wconf 85' lang='lat' dir='ltr'>aut</span> 
     </span>
     <span class='ocr_line' id='line_1_15' title="bbox 136 2086 1173 2164; baseline 0.002 -22"><span class='ocrx_word' id='word_1_91' title='bbox 136 2091 317 2160; x_wconf 89' lang='lat' dir='ltr'>quatenus</span> <span class='ocrx_word' id='word_1_92' title='bbox 349 2103 419 2145; x_wconf 88' lang='lat' dir='ltr'>non</span> <span class='ocrx_word' id='word_1_93' title='bbox 457 2104 518 2145; x_wconf 91' lang='lat' dir='ltr'>ens</span> <span class='ocrx_word' id='word_1_94' title='bbox 552 2089 749 2164; x_wconf 84' lang='lat' dir='ltr'>cogitetur,</span> <span class='ocrx_word' id='word_1_95' title='bbox 784 2086 856 2163; x_wconf 91' lang='lat' dir='ltr'>jam</span> <span class='ocrx_word' id='word_1_96' title='bbox 892 2091 926 2145; x_wconf 88' lang='lat' dir='ltr'>et</span> <span class='ocrx_word' id='word_1_97' title='bbox 959 2087 1173 2145; x_wconf 84' lang='lat' dir='ltr'>essentiam</span> 
     </span>
    </p>
   </div>
   <div class='ocr_carea' id='block_1_5' title="bbox 152 2293 361 2304">
    <p class='ocr_par' dir='ltr' id='par_1_7' title="bbox 152 2293 361 2304">
     <span class='ocr_line' id='line_1_16' title="bbox 152 2293 361 2304; baseline -0.005 0"><span class='ocrx_word' id='word_1_98' title='bbox 152 2293 361 2304; x_wconf 73' lang='lat'>-——--—=</span> 
     </span>
    </p>
   </div>
   <div class='ocr_carea' id='block_1_6' title="bbox 86 2420 1174 4000">
    <p class='ocr_par' dir='ltr' id='par_1_8' title="bbox 218 2420 1174 2599">
     <span class='ocr_line' id='line_1_17' title="bbox 218 2420 1174 2543; baseline 0 -44"><span class='ocrx_word' id='word_1_99' title='bbox 218 2431 377 2543; x_wconf 69' lang='grc' dir='ltr'><strong><em>μαίνειῆ</em></strong></span> <span class='ocrx_word' id='word_1_100' title='bbox 399 2435 509 2509; x_wconf 74' lang='grc' dir='ltr'><strong><em>ἐσίας</em></strong></span> <span class='ocrx_word' id='word_1_101' title='bbox 531 2433 718 2501; x_wconf 71' lang='lat' dir='ltr'>dauniae</span> <span class='ocrx_word' id='word_1_102' title='bbox 739 2420 841 2517; x_wconf 72' lang='grc' dir='ltr'>τὸτῳ,</span> <span class='ocrx_word' id='word_1_103' title='bbox 872 2430 892 2497; x_wconf 85' lang='grc' dir='ltr'>ὃ</span> <span class='ocrx_word' id='word_1_104' title='bbox 920 2455 962 2498; x_wconf 84' lang='grc' dir='ltr'>αν</span> <span class='ocrx_word' id='word_1_105' title='bbox 984 2435 1097 2518; x_wconf 75' lang='grc' dir='ltr'><strong><em>φῶμεν</em></strong></span> <span class='ocrx_word' id='word_1_106' title='bbox 1121 2431 1174 2521; x_wconf 86' lang='grc' dir='ltr'>μη</span> 
     </span>
     <span class='ocr_line' id='line_1_18' title="bbox 221 2511 550 2599; baseline 0.019 -16"><span class='ocrx_word' id='word_1_107' title='bbox 221 2511 318 2599; x_wconf 82' lang='grc' dir='ltr'><strong><em>εἶναις</em></strong></span> <span class='ocrx_word' id='word_1_108' title='bbox 342 2522 445 2588; x_wconf 77' lang='grc' dir='ltr'><em>Οὐδὲν</em></span> <span class='ocrx_word' id='word_1_109' title='bbox 464 2518 550 2588; x_wconf 78' lang='grc' dir='ltr'><strong><em>ἄλλο.</em></strong></span> 
     </span>
    </p>

    <p class='ocr_par' dir='ltr' id='par_1_9' title="bbox 86 2597 1173 2702">
     <span class='ocr_line' id='line_1_19' title="bbox 86 2597 1173 2702; baseline -0.002 -31"><span class='ocrx_word' id='word_1_110' title='bbox 86 2597 136 2702; x_wconf 64' lang='lat'>15⁴3</span> <span class='ocrx_word' id='word_1_111' title='bbox 173 2617 199 2651; x_wconf 76' lang='lat'>¹²</span> <span class='ocrx_word' id='word_1_112' title='bbox 223 2606 353 2672; x_wconf 78' lang='grc' dir='ltr'>οὔτε”</span> <span class='ocrx_word' id='word_1_113' title='bbox 330 2635 395 2696; x_wconf 84' lang='grc' dir='ltr'>αρα</span> <span class='ocrx_word' id='word_1_114' title='bbox 413 2600 632 2676; x_wconf 73' lang='grc' dir='ltr'><strong><em>δύναιτο</em></strong></span> <span class='ocrx_word' id='word_1_115' title='bbox 599 2634 682 2674; x_wconf 85' lang='grc' dir='ltr'><strong><em>ειναι</em></strong></span> <span class='ocrx_word' id='word_1_116' title='bbox 702 2606 745 2673; x_wconf 86' lang='grc' dir='ltr'>αν</span> <span class='ocrx_word' id='word_1_117' title='bbox 767 2608 806 2673; x_wconf 84' lang='grc' dir='ltr'>τό</span> <span class='ocrx_word' id='word_1_118' title='bbox 826 2632 870 2694; x_wconf 87' lang='grc' dir='ltr'>μη</span> <span class='ocrx_word' id='word_1_119' title='bbox 901 2631 943 2672; x_wconf 83' lang='grc' dir='ltr'>ον</span> <span class='ocrx_word' id='word_1_120' title='bbox 965 2602 1030 2671; x_wconf 73' lang='lat' dir='ltr'>&#39;saa</span> <span class='ocrx_word' id='word_1_121' title='bbox 1052 2601 1173 2680; x_wconf 75' lang='grc' dir='ltr'><strong><em>ἄλλως</em></strong></span> 
     </span>
    </p>

    <p class='ocr_par' dir='ltr' id='par_1_10' title="bbox 96 2692 719 2797">
     <span class='ocr_line' id='line_1_20' title="bbox 96 2692 719 2797; baseline 0.01 -44"><span class='ocrx_word' id='word_1_122' title='bbox 96 2719 125 2770; x_wconf 64' lang='grc' dir='ltr'>ρ,</span> <span class='ocrx_word' id='word_1_123' title='bbox 224 2692 419 2797; x_wconf 69' lang='grc' dir='ltr'>ἐδαμῶς’</span> <span class='ocrx_word' id='word_1_124' title='bbox 399 2702 513 2766; x_wconf 83' lang='grc' dir='ltr'><strong><em>εσίας</em></strong></span> <span class='ocrx_word' id='word_1_125' title='bbox 534 2705 719 2776; x_wconf 75' lang='grc' dir='ltr'>μετέχειν</span> 
     </span>
    </p>

    <p class='ocr_par' dir='ltr' id='par_1_11' title="bbox 96 2771 1173 3020">
     <span class='ocr_line' id='line_1_21' title="bbox 96 2771 1173 2887; baseline 0.003 -48"><span class='ocrx_word' id='word_1_126' title='bbox 96 2789 126 2839; x_wconf 86' lang='lat'>1).</span> <span class='ocrx_word' id='word_1_127' title='bbox 172 2776 400 2887; x_wconf 74' lang='grc' dir='ltr'>13Οἴιτεόιριι</span> <span class='ocrx_word' id='word_1_128' title='bbox 413 2778 593 2848; x_wconf 74' lang='grc' dir='ltr'><strong><em>ἀπόλλυται</em></strong></span> <span class='ocrx_word' id='word_1_129' title='bbox 617 2779 656 2843; x_wconf 85' lang='grc' dir='ltr'>τό</span> <span class='ocrx_word' id='word_1_130' title='bbox 677 2803 721 2865; x_wconf 88' lang='grc' dir='ltr'>μη</span> <span class='ocrx_word' id='word_1_131' title='bbox 744 2803 782 2842; x_wconf 87' lang='grc' dir='ltr'>ον</span> <span class='ocrx_word' id='word_1_132' title='bbox 796 2771 880 2842; x_wconf 57' lang='lat' dir='ltr'>tw</span> <span class='ocrx_word' id='word_1_133' title='bbox 860 2801 914 2842; x_wconf 76' lang='lat' dir='ltr'>sna</span> <span class='ocrx_word' id='word_1_134' title='bbox 928 2782 1073 2861; x_wconf 76' lang='grc' dir='ltr'><strong><em>γίγνεται,</em></strong></span> <span class='ocrx_word' id='word_1_135' title='bbox 1088 2781 1173 2842; x_wconf 79' lang='grc' dir='ltr'><strong><em>ἐπεί-</em></strong></span> 
     </span>
     <span class='ocr_line' id='line_1_22' title="bbox 221 2861 1172 2972; baseline 0.003 -43"><span class='ocrx_word' id='word_1_136' title='bbox 221 2889 284 2972; x_wconf 84' lang='grc' dir='ltr'>περ</span> <span class='ocrx_word' id='word_1_137' title='bbox 321 2866 437 2954; x_wconf 75' lang='grc' dir='ltr'><strong><em>ἐδαμη</em></strong></span> <span class='ocrx_word' id='word_1_138' title='bbox 467 2873 593 2950; x_wconf 77' lang='grc' dir='ltr'>μετέχει</span> <span class='ocrx_word' id='word_1_139' title='bbox 625 2865 725 2938; x_wconf 78' lang='grc' dir='ltr'><strong><em>εἰσίας.</em></strong></span> <span class='ocrx_word' id='word_1_140' title='bbox 761 2863 838 2929; x_wconf 73' lang='grc' dir='ltr'>Οὐδ’</span> <span class='ocrx_word' id='word_1_141' title='bbox 869 2861 921 2950; x_wconf 75' lang='grc' dir='ltr'>ἄρ’</span> <span class='ocrx_word' id='word_1_142' title='bbox 953 2864 1172 2932; x_wconf 66' lang='lat' dir='ltr'>dilatarat</span> 
     </span>
     <span class='ocr_line' id='line_1_23' title="bbox 219 2951 345 3040; baseline -0.048 -20"><span class='ocrx_word' id='word_1_143' title='bbox 219 2951 345 3040; x_wconf 63' lang='lat' dir='ltr'>itaq*-</span> 
     </span>
    </p>

    <p class='ocr_par' dir='ltr' id='par_1_12' title="bbox 94 2977 1171 3212">
     <span class='ocr_line' id='line_1_24' title="bbox 94 2977 1171 3130; baseline -0.001 -23"><span class='ocrx_word' id='word_1_144' title='bbox 94 3041 125 3092; x_wconf 92' lang='grc' dir='ltr'>Ε·</span> <span class='ocrx_word' id='word_1_145' title='bbox 222 2977 327 3107; x_wconf 50' lang='lat' dir='ltr'>Ovrlgr</span> <span class='ocrx_word' id='word_1_146' title='bbox 340 3040 388 3130; x_wconf 84' lang='grc' dir='ltr'>δη</span> <span class='ocrx_word' id='word_1_147' title='bbox 411 3038 491 3106; x_wconf 75' lang='grc' dir='ltr'><strong><em>αὐτό</em></strong></span> <span class='ocrx_word' id='word_1_148' title='bbox 511 3063 555 3126; x_wconf 84' lang='grc' dir='ltr'>μη</span> <span class='ocrx_word' id='word_1_149' title='bbox 586 3037 623 3106; x_wconf 78' lang='grc' dir='ltr'>ὃν</span> <span class='ocrx_word' id='word_1_150' title='bbox 644 3038 741 3126; x_wconf 81' lang='grc' dir='ltr'>μη’τε</span> <span class='ocrx_word' id='word_1_151' title='bbox 762 3036 896 3104; x_wconf 79' lang='grc' dir='ltr'><strong><em>ποτὲ“</em></strong></span> <span class='ocrx_word' id='word_1_152' title='bbox 880 3036 1171 3127; x_wconf 74' lang='grc' dir='ltr'><strong><em>εςόταιμητεκι-</em></strong></span> 
     </span>
     <span class='ocr_line' id='line_1_25' title="bbox 220 3130 553 3212; baseline -0.012 -18"><span class='ocrx_word' id='word_1_153' title='bbox 220 3133 351 3194; x_wconf 75' lang='grc' dir='ltr'>νεῖσθαι</span> <span class='ocrx_word' id='word_1_154' title='bbox 373 3130 553 3212; x_wconf 76' lang='grc' dir='ltr'>λέγωμεν.</span> 
     </span>
    </p>

    <p class='ocr_par' dir='ltr' id='par_1_13' title="bbox 87 3208 1174 3474">
     <span class='ocr_line' id='line_1_26' title="bbox 101 3208 1174 3321; baseline -0.002 -43"><span class='ocrx_word' id='word_1_155' title='bbox 101 3227 124 3278; x_wconf 85' lang='grc' dir='ltr'><strong>Ρ</strong></span> <span class='ocrx_word' id='word_1_156' title='bbox 225 3211 358 3278; x_wconf 81' lang='grc' dir='ltr'>οὕτε”</span> <span class='ocrx_word' id='word_1_157' title='bbox 335 3240 400 3301; x_wconf 84' lang='grc' dir='ltr'>αρα</span> <span class='ocrx_word' id='word_1_158' title='bbox 428 3209 638 3300; x_wconf 44' lang='lat' dir='ltr'>satyrii&amp;</span> <span class='ocrx_word' id='word_1_159' title='bbox 615 3237 678 3278; x_wconf 80' lang='lat' dir='ltr'>ara</span> <span class='ocrx_word' id='word_1_160' title='bbox 704 3212 913 3320; x_wconf 82' lang='grc' dir='ltr'><strong><em>σμικρότης</em></strong></span> <span class='ocrx_word' id='word_1_161' title='bbox 938 3208 1003 3277; x_wconf 72' lang='grc' dir='ltr'>ὅτε</span> <span class='ocrx_word' id='word_1_162' title='bbox 1031 3210 1174 3321; x_wconf 79' lang='grc' dir='ltr'><strong><em>ἰσότης</em></strong></span> 
     </span>
     <span class='ocr_line' id='line_1_27' title="bbox 87 3279 1172 3409; baseline -0.002 -43"><span class='ocrx_word' id='word_1_163' title='bbox 87 3279 138 3403; x_wconf 47' lang='grc' dir='ltr'><strong>Ψ</strong></span> <span class='ocrx_word' id='word_1_164' title='bbox 224 3298 327 3380; x_wconf 83' lang='grc' dir='ltr'><strong><em>αυτῷ</em></strong></span> <span class='ocrx_word' id='word_1_165' title='bbox 348 3323 432 3372; x_wconf 77' lang='grc' dir='ltr'><strong><em>εςιν.</em></strong></span> <span class='ocrx_word' id='word_1_166' title='bbox 457 3303 540 3368; x_wconf 71' lang='lat' dir='ltr'>ovar</span> <span class='ocrx_word' id='word_1_167' title='bbox 527 3325 626 3405; x_wconf 84' lang='grc' dir='ltr'>μην</span> <span class='ocrx_word' id='word_1_168' title='bbox 641 3298 823 3409; x_wconf 78' lang='grc' dir='ltr'>ὁμοιότης</span> <span class='ocrx_word' id='word_1_169' title='bbox 843 3298 1172 3410; x_wconf 74' lang='grc' dir='ltr'><strong><em>χεέδὲὲτεροιότης</em></strong></span> 
     </span>
     <span class='ocr_line' id='line_1_28' title="bbox 118 3385 1128 3498; baseline 0 -48"><span class='ocrx_word' id='word_1_170' title='bbox 118 3389 124 3402; x_wconf 85' lang='grc'><em>“</em></span> <span class='ocrx_word' id='word_1_171' title='bbox 223 3409 279 3450; x_wconf 75' lang='lat' dir='ltr'>aas</span> <span class='ocrx_word' id='word_1_172' title='bbox 302 3385 385 3473; x_wconf 75' lang='grc' dir='ltr'><strong><em>πρὸς</em></strong></span> <span class='ocrx_word' id='word_1_173' title='bbox 408 3389 503 3454; x_wconf 82' lang='grc' dir='ltr'><strong><em>αότό</em></strong></span> <span class='ocrx_word' id='word_1_174' title='bbox 525 3385 588 3453; x_wconf 78' lang='lat' dir='ltr'>aas</span> <span class='ocrx_word' id='word_1_175' title='bbox 610 3386 732 3498; x_wconf 84' lang='grc' dir='ltr'><strong><em>πρός</em></strong></span> <span class='ocrx_word' id='word_1_176' title='bbox 735 3386 859 3454; x_wconf 74' lang='grc' dir='ltr'>τᾶλλα</span> <span class='ocrx_word' id='word_1_177' title='bbox 877 3387 961 3498; x_wconf 87' lang='grc' dir='ltr'>εἴη</span> <span class='ocrx_word' id='word_1_178' title='bbox 967 3409 1009 3450; x_wconf 86' lang='grc' dir='ltr'>αν</span> <span class='ocrx_word' id='word_1_179' title='bbox 1032 3385 1128 3470; x_wconf 79' lang='grc' dir='ltr'><strong><em>αὐτῷ.</em></strong></span> 
     </span>
    </p>

    <p class='ocr_par' dir='ltr' id='par_1_14' title="bbox 96 3470 1174 3888">
     <span class='ocr_line' id='line_1_29' title="bbox 96 3470 1174 3586; baseline -0.002 -47"><span class='ocrx_word' id='word_1_180' title='bbox 96 3470 126 3522; x_wconf 81' lang='grc' dir='ltr'>Β·</span> <span class='ocrx_word' id='word_1_181' title='bbox 172 3483 200 3519; x_wconf 86' lang='lat'>¹⁴</span> <span class='ocrx_word' id='word_1_182' title='bbox 223 3473 310 3584; x_wconf 65' lang='grc' dir='ltr'>Τό</span> <span class='ocrx_word' id='word_1_183' title='bbox 291 3497 351 3536; x_wconf 84' lang='grc' dir='ltr'>εκε</span> <span class='ocrx_word' id='word_1_184' title='bbox 359 3478 417 3540; x_wconf 80' lang='lat' dir='ltr'>ivs</span> <span class='ocrx_word' id='word_1_185' title='bbox 443 3501 463 3563; x_wconf 92' lang='grc' dir='ltr'><strong><em>η</em></strong></span> <span class='ocrx_word' id='word_1_186' title='bbox 490 3474 531 3541; x_wconf 84' lang='grc' dir='ltr'>τό</span> <span class='ocrx_word' id='word_1_187' title='bbox 550 3473 788 3581; x_wconf 78' lang='grc' dir='ltr'>ἐκείνῳητό</span> <span class='ocrx_word' id='word_1_188' title='bbox 808 3472 892 3586; x_wconf 89' lang='grc' dir='ltr'>τίη</span> <span class='ocrx_word' id='word_1_189' title='bbox 918 3471 1109 3582; x_wconf 78' lang='grc' dir='ltr'><strong><em>τότέτοη</em></strong></span> <span class='ocrx_word' id='word_1_190' title='bbox 1129 3471 1174 3538; x_wconf 83' lang='grc' dir='ltr'>τό</span> 
     </span>
     <span class='ocr_line' id='line_1_30' title="bbox 219 3556 1172 3674; baseline 0 -48"><span class='ocrx_word' id='word_1_191' title='bbox 219 3559 359 3672; x_wconf 71' lang='grc' dir='ltr'><strong><em>τότεῆ</em></strong></span> <span class='ocrx_word' id='word_1_192' title='bbox 382 3561 522 3672; x_wconf 59' lang='lat' dir='ltr'>uitiari</span> <span class='ocrx_word' id='word_1_193' title='bbox 545 3556 693 3674; x_wconf 43' lang='lat' dir='ltr'>atinez*</span> <span class='ocrx_word' id='word_1_194' title='bbox 714 3561 864 3628; x_wconf 66' lang='lat' dir='ltr'>rcoarl&#39;¹</span> <span class='ocrx_word' id='word_1_195' title='bbox 837 3588 880 3672; x_wconf 90' lang='grc' dir='ltr'><strong><em>η</em></strong></span> <span class='ocrx_word' id='word_1_196' title='bbox 886 3558 1076 3627; x_wconf 70' lang='lat' dir='ltr'>l&#39;raaanu&#39;¹</span> <span class='ocrx_word' id='word_1_197' title='bbox 1022 3585 1069 3671; x_wconf 81' lang='grc' dir='ltr'><strong><em>η</em></strong></span> <span class='ocrx_word' id='word_1_198' title='bbox 1102 3562 1172 3626; x_wconf 80' lang='grc' dir='ltr'>νῦν</span> 
     </span>
     <span class='ocr_line' id='line_1_31' title="bbox 219 3643 1173 3762; baseline 0.001 -49"><span class='ocrx_word' id='word_1_199' title='bbox 219 3591 473 3758; x_wconf 68' lang='grc' dir='ltr'><strong><em>ηόπιςημηη</em></strong></span> <span class='ocrx_word' id='word_1_200' title='bbox 464 3647 632 3762; x_wconf 51' lang='grc' dir='ltr'>δόξαηῖ</span> <span class='ocrx_word' id='word_1_201' title='bbox 648 3651 872 3739; x_wconf 68' lang='grc' dir='ltr'><strong><em>αἴσθησις]</em></strong></span> <span class='ocrx_word' id='word_1_202' title='bbox 853 3675 867 3714; x_wconf 83' lang='lat' dir='ltr'>r</span> <span class='ocrx_word' id='word_1_203' title='bbox 864 3643 1068 3762; x_wconf 60' lang='grc' dir='ltr'>’λόγοςη”</span> <span class='ocrx_word' id='word_1_204' title='bbox 1049 3673 1173 3735; x_wconf 81' lang='grc' dir='ltr'><em>ονομα</em></span> 
     </span>
     <span class='ocr_line' id='line_1_32' title="bbox 220 3731 1171 3888; baseline 0.004 -89"><span class='ocrx_word' id='word_1_205' title='bbox 220 3757 251 3883; x_wconf 62' lang='grc' dir='ltr'>η)</span> <span class='ocrx_word' id='word_1_206' title='bbox 269 3731 408 3888; x_wconf 59' lang='grc' dir='ltr'>ι’ἱλέιιι</span> <span class='ocrx_word' id='word_1_207' title='bbox 388 3739 496 3803; x_wconf 71' lang='lat' dir='ltr'>ostiu</span> <span class='ocrx_word' id='word_1_208' title='bbox 518 3741 592 3802; x_wconf 78' lang='grc' dir='ltr'>τῶν</span> <span class='ocrx_word' id='word_1_209' title='bbox 614 3735 734 3804; x_wconf 82' lang='grc' dir='ltr'><strong><em>ὄντων</em></strong></span> <span class='ocrx_word' id='word_1_210' title='bbox 755 3738 844 3826; x_wconf 77' lang='grc' dir='ltr'>περὶ</span> <span class='ocrx_word' id='word_1_211' title='bbox 864 3739 909 3804; x_wconf 83' lang='grc' dir='ltr'>τό</span> <span class='ocrx_word' id='word_1_212' title='bbox 929 3759 978 3824; x_wconf 84' lang='grc' dir='ltr'>μη</span> <span class='ocrx_word' id='word_1_213' title='bbox 1008 3759 1052 3802; x_wconf 81' lang='grc' dir='ltr'>ον</span> <span class='ocrx_word' id='word_1_214' title='bbox 1073 3739 1171 3815; x_wconf 78' lang='grc' dir='ltr'><strong><em>ἔςαις</em></strong></span> 
     </span>
    </p>

    <p class='ocr_par' dir='ltr' id='par_1_15' title="bbox 169 3847 1013 4000">
     <span class='ocr_line' id='line_1_33' title="bbox 258 3847 413 3896; baseline 0.02 -10"><span class='ocrx_word' id='word_1_215' title='bbox 258 3847 299 3886; x_wconf 78' lang='lat' dir='ltr'>vx</span> <span class='ocrx_word' id='word_1_216' title='bbox 342 3847 413 3896; x_wconf 80' lang='grc' dir='ltr'><strong><em>ςαι.</em></strong></span> 
     </span>
     <span class='ocr_line' id='line_1_34' title="bbox 169 3899 1013 4000; baseline 0.002 -28"><span class='ocrx_word' id='word_1_217' title='bbox 169 3915 197 3953; x_wconf 77' lang='lat'>¹⁵</span> <span class='ocrx_word' id='word_1_218' title='bbox 220 3899 312 3973; x_wconf 74' lang='grc' dir='ltr'><strong><em>Οὕτω</em></strong></span> <span class='ocrx_word' id='word_1_219' title='bbox 332 3910 385 4000; x_wconf 80' lang='grc' dir='ltr'>δη</span> <span class='ocrx_word' id='word_1_220' title='bbox 414 3907 498 3980; x_wconf 64' lang='grc' dir='ltr'>δι”</span> <span class='ocrx_word' id='word_1_221' title='bbox 477 3933 520 3976; x_wconf 87' lang='grc' dir='ltr'>εκ</span> <span class='ocrx_word' id='word_1_222' title='bbox 541 3933 584 3976; x_wconf 84' lang='grc' dir='ltr'>ον</span> <span class='ocrx_word' id='word_1_223' title='bbox 606 3908 648 3976; x_wconf 74' lang='grc' dir='ltr'>ἐκ</span> <span class='ocrx_word' id='word_1_224' title='bbox 669 3913 750 3996; x_wconf 81' lang='grc' dir='ltr'><strong><em>ἔχει</em></strong></span> <span class='ocrx_word' id='word_1_225' title='bbox 770 3933 848 3988; x_wconf 86' lang='grc' dir='ltr'>πως</span> <span class='ocrx_word' id='word_1_226' title='bbox 869 3911 1013 4000; x_wconf 74' lang='grc' dir='ltr'><strong><em>ἐδτιμηῖ</em></strong></span> 
     </span>
    </p>
   </div>
   <div class='ocr_carea' id='block_1_7' title="bbox 0 0 1356 4560">
    <p class='ocr_par' dir='ltr' id='par_1_16' title="bbox 0 0 1356 4560">
     <span class='ocr_line' id='line_1_35' title="bbox 0 0 1356 4560; baseline 0 0"><span class='ocrx_word' id='word_1_227' title='bbox 0 0 1356 4560; x_wconf 95' lang='lat' dir='ltr'> </span> 
     </span>
    </p>
   </div>
  </div>
 </body>
</html>
