2704 4560
634 373 679 447 51

207 555 295 633 Quod
306 563 457 636 puuotmn,
471 561 649 636 quaesiverit
662 560 818 638 quispiam,
834 575 905 618 num
917 575 1020 626 omnes
1034 560 1177 640 temporis

141 661 216 721 lines
237 659 327 739 plane
351 667 565 738 transgressum
590 663 735 741 fingatur?
780 661 857 724 'l'um
884 667 984 722 autem
1013 661 1177 740 perieulum

141 770 197 840 est,
213 781 252 824 ne
267 768 408 843 temporie
424 769 542 829 ornnino
558 783 663 846 expers
677 770 725 842 eit,
737 783 815 828 neve
829 764 956 844 amplius
975 766 1135 843 quidquam
1146 768 1178 826 in

141 873 274 946 tempore
296 867 404 930 valeat.
443 869 506 930 Nec
528 869 590 932 ullo
612 869 732 932 tmculo
754 887 823 930 erun
844 869 1028 947 temporibus
1051 870 1176 948 conjun-

141 979 221 1032 ctmn
242 972 315 1032 mibi
336 973 453 1036 videtur
473 973 565 1051 illud,
588 975 668 1054 quod
690 982 830 1052 tanquam
853 983 936 1033 extra
958 979 1092 1052 tempora
1113 979 1177 1034 sta-

141 1079 266 1154 tuimus,
289 1095 387 1138 rmum.
433 1077 465 1139 Si
496 1079 566 1157 quid
596 1080 675 1138 enim
704 1096 771 1138 cum
801 1077 982 1156 temporibus
1013 1079 1177 1156 consparnri

142 1185 229 1258 atque
250 1181 353 1242 referri
375 1181 478 1259 liceat,
502 1182 560 1242 boc
579 1182 642 1259 jam
668 1199 729 1242 non
756 1187 839 1242 extra
872 1186 1005 1260 tempora
1038 1189 1178 1260 tanquam
1255 1177 1259 1193 ’

140 1283 288 1352 immobile
311 1292 400 1364 atque
421 1270 522 1347 lixum‘
532 1291 661 1345 statuere
683 1302 850 1363 pessumum,
871 1287 942 1362 quin
963 1288 1104 1364 temporis
1118 1302 1174 1345 na-

139 1393 236 1448 turam
256 1392 367 1467 pariter
389 1397 479 1466 atque
501 1389 696 1467 participandi
717 1391 862 1450 rationem
888 1387 1035 1450 tollamus.

203 1492 279 1551 Nam
291 1509 389 1569 unum,
401 1495 427 1553 ei
439 1495 580 1571 temporie
591 1509 695 1554 revera
705 1497 855 1572 particeps
865 1497 920 1569 est,
937 1495 1026 1553 etiam
1045 1499 1177 1571 tempore

141 1601 278 1656 movetur
298 1613 353 1656 nec
373 1595 472 1658 ¹solum
494 1600 676 1659 extrinsecus
698 1597 835 1675 sllicitum,
859 1597 912 1658 sed
929 1597 1065 1675 procedit
1078 1600 1177 1676 potius

139 1703 281 1776 tanquam
301 1700 437 1762 mobile
460 1704 638 1780 temporie
660 1709 849 1781 punctum,
873 1701 965 1779 quod
980 1695 1178 1780 'tempo’ris

138 1804 354 1866 discrimina
374 1812 556 1888 perpetuo
579 1811 653 1866 tam
682 1807 885 1885 producere
911 1821 1014 1882 quam
1040 1804 1177 1866 tollere

138 1909 317 1969 videatur.
1206 1907 1209 1912 ’

205 2009 281 2070 Cum
310 2019 410 2074 autem
438 2033 528 2075 unum
558 2019 654 2074 semet
681 2016 748 2092 ipso
771 2019 801 2072 et
819 2012 921 2091 jtmius
943 2019 974 2072 et
995 2013 1095 2072 senium
1113 2010 1177 2089 jam

138 2112 221 2174 nullo
243 2113 303 2176 alio
325 2116 413 2175 modo
437 2119 560 2194 cogltari
582 2119 695 2194 possit,
725 2134 812 2194 quarn
833 2115 1027 2194 supponendo
1049 2114 1178 2192 quodam

137 2215 315 2278 immobili
339 2222 480 2296 temporis
495 2225 615 2297 puncto,
639 2220 761 2298 abipso
783 2218 962 2298 philosopho
984 2213 1028 2279 to*
1048 2215 1119 2280 νῦν
1141 2220 1177 2278 in

139 2323 270 2398 tempore
300 2327 440 2398 tanquam
468 2323 525 2384 sibi
557 2329 696 2386 constans
723 2330 813 2402 atque
841 2322 955 2384 1111111111
980 2329 1083 2404 aperte
1105 2328 1175 2401 pio·

136 2426 295 2486 nuntiatur.
528 2419 534 2428 ’

200 2525 1175 2612 Hinccogitur‚utimmobilequasitempusquoddamap-

135 2639 246 2709 pareat.
269 2635 327 2696 Ubi
342 2636 421 2696 auhn
432 2643 548 2715 tempus
558 2631 597 2696 ad
614 2635 674 2698 νῦν
690 2645 883 2699 cornecutmn
898 2645 953 2712 est,
968 2653 1029 2696 non
1044 2633 1171 2711 amplius

136 2739 257 2812 moveri,
281 2738 334 2797 sed
344 2741 445 2814 potius
456 2746 556 2800 stare
567 2739 692 2798 videtur.
715 2740 781 2799 Hoc
798 2739 916 2816 quidem
930 2739 1018 2799 modo
1034 2740 1176 2814 temporie

135 2839 182 2899 vie
216 2845 305 2917 atque
341 2847 447 2900 natura
482 2859 500 2900 a
534 2840 713 2920 philosopho
755 2848 857 2904 nostro
891 2844 1010 2903 omnino
1042 2845 1175 2919 negetur.

134 2941 215 3004 Nam
246 2949 378 3023 tempus,
410 2945 502 3022 quod
533 2951 603 3023 eet,
634 2963 731 3024 neque
752 2946 904 3026 procedit,
924 2947 1001 3025 jam
1021 2963 1096 3006 non
1118 2951 1177 3007 est

135 3052 284 3128 tempus.
315 3043 382 3129 (Ein
404 3047 608 3111 zeitlicbes
626 3049 711 3113 Scin
734 3051 805 3112 oder
827 3053 893 3114 eine
915 3051 1070 3112 seiende
1091 3049 1177 3112 Zeit

136 3153 175 3210 ist
196 3155 261 3212 eine
282 3157 364 3214 reine
388 3155 587 3216 contradictio
601 3158 633 3216 in
655 3153 793 3238 adjecto.)
841 3152 937 3218 Simili
961 3171 1057 3216 errore
1079 3153 1174 3216 Kan-

137 3255 220 3330 1113,
242 3271 373 3320 summus
391 3269 492 3322 noster
513 3258 728 3340 philosophus·
740 3261 856 3322 ducitur
877 3263 909 3320 in
929 3258 984 3320 illa
997 3260 1169 3338 antinomia,

136 3355 186 3418 ubi
201 3359 341 3422 mundum
350 3368 483 3442 tempore
498 3370 528 3424 et
538 3363 652 3424 linitum
663 3369 694 3426 et
703 3364 850 3426 infinitum
862 3381 928 3426 esse
944 3363 1090 3426 docet¹²¹
1108 3361 1176 3424 Hoc

134 3464 225 3541 igitur
239 3467 379 3544 temporis
393 3475 514 3546 puncto,
537 3469 588 3530 ubi
609 3473 725 3548 tempus
742 3471 827 3547 quasi
850 3471 1012 3530 consistere
1024 3467 1172 3548 jubeatur,
1206 3523 1211 3532 .

136 3569 235 3628 onmia
266 3572 407 3650 temporis
440 3573 609 3636 discrimina
640 3572 783 3637 tollantur
814 3590 939 3636 necesse
972 3577 1026 3636 est
1068 3562 1174 3652 Itaque

135 3725 338 3740 *a

108 3798 113 3806 “
155 3827 189 3866 m
203 3831 408 3976 ffllqffl
427 3836 473 3892 aer
492 3851 512 3892 1,
529 3837 559 3890 v.
575 3804 713 3899 mutuatu
731 3839 777 3900 te
795 3855 814 3898 r.
832 3837 861 3896 v.
875 3837 894 3894 1
908 3837 1058 3904 monomie
1075 3837 1173 3913 past.
