2704 4560
607 379 654 452 25

121 577 225 628 natura
249 561 407 647 (Identitit)
434 567 557 624 nonsit
582 581 625 639 ea,
649 581 723 640 quae
751 561 845 622 Unius
874 563 1021 622 naturai⁷
1068 561 1154 632 Nam,

117 672 209 732 uncina
244 675 271 732 si
306 672 384 729 idem
419 669 507 728 alicui
539 668 606 744 fiat,
629 686 705 726 non
741 685 831 726 amum
868 665 998 726 efficitur.
1064 667 1142 743 Ergo

120 773 292 854 quiddam'
283 780 327 833 unt
329 780 404 833 erest
426 776 502 832 inter
522 791 613 832 unum
635 779 665 830 et
685 772 777 846 idem,
806 789 876 828 nam
897 774 922 830 si
944 787 1034 833 unum
1055 777 1142 848 atque

119 883 199 940 idem
218 881 296 938 inter
320 895 384 946 sese
408 880 604 951 convenirent,
631 879 744 952 quoties
761 875 830 952 quid
844 875 928 970 idem.
939 875 1033 950 fieret,
1054 891 1143 933 unum

122 1000 237 1060 quoque
248 999 362 1060 semper
372 981 544 1074 efficeretis,
561 982 734 1057 quotiesque
743 997 833 1038 unum
847 995 963 1055 semper
978 985 1008 1038 e
996 979 1108 1038 tidem.
1117 979 1144 1018 ⁶⁸

129 1087 227 1164 Quum
249 1103 316 1146 vero
336 1085 475 1148 Unius
445 1091 538 1161 atque
547 1085 704 1162 ejusdem
725 1083 891 1143 notionibus
913 1085 1110 1168 promiscue
1100 1083 1143 1143 uti

119 1302 252 1378 apparet.
266 1299 293 1366 ⁵?

184 1399 307 1475 Itaq'ue
329 1415 432 1456 unuin
452 1412 565 1472 neque
586 1395 678 1454 idem
699 1411 809 1471 neque
832 1395 981 1455 alterum
1002 1402 1061 1456 aut
1074 1397 1142 1456 sibi

120 1505 191 1580 ipsi
213 1509 273 1561 aut
295 1501 401 1559 alteri
424 1515 501 1559 esse
522 1499 694 1576 petesh⁶⁰

187 1604 301 1679 Quibus
311 1606 396 1666 uiuus
412 1607 587 1681 agaunentis
601 1603 794 1682 philosophus
809 1606 895 1667 unius
910 1611 1044 1664 naturam
1055 1611 1142 1681 atque

118 1712 263 1768 contraria
282 1709 480 1787 explicaverit,
505 1726 540 1768 ea
559 1709 620 1785 jam
642 1710 806 1766 accuratius
829 1701 1051 1786 perspiciamus,
1075 1728 1142 1771 cum

22 1859 29 1874 a
116 1814 154 1871 ad
183 1819 276 1871 totam
298 1815 504 1889 animantiam,
536 1820 598 1871 tum
619 1813 657 1870 ad
688 1812 765 1874 hanc
798 1811 906 1876 thesin¹
928 1813 1142 1889 dijudicandam

119 1920 242 1976 maxime
265 1912 390 1976 valeant.
413 1916 610 1994 Philosophus
629 1919 717 1992 enim,
741 1903 915 1993 qnouduae
928 1919 1066 1978 notiones
1081 1938 1141 1978 non

120 2023 162 2078 ita
182 2024 259 2098 inter,
279 2017 351 2080 sese·
368 2021 547 2098 congruuntp
562 2028 595 2081 ut
616 2023 781 2097 promiscue
803 2023 936 2100 usuupaii
952 2029 1067 2097 queant,
1091 2040 1141 2083 eas

121 2127 238 2190 omnino
261 2125 398 2202 conjungi
426 2142 514 2201 posse
535 2131 632 2200 negat.
678 2111 827 2200 Quoniam
843 2122 937 2184 Unius
960 2132 991 2183 et
1011 2126 1141 2204 ejusdem

120 2231 255 2288 notiones
277 2244 336 2286 non
353 2228 480 2286 eandem
501 2226 622 2316 plane
610 2229 817 2304 vimhaheant,
796 2235 923 2289 tunum
936 2247 996 2288 non
1010 2231 1089 2289 sibi
1081 2234 1139 2308 1psi

121 2330 200 2388 idem
223 2347 287 2390 esse
308 2336 415 2408 potest
443 2330 527 2391 Unde
549 2349 619 2390 sane
640 2332 681 2408 fit,
703 2335 863 2409 utnequa
875 2333 933 2392 det
922 2336 1141 2395 terminatum

120 2451 235 2510 nequa
264 2435 306 2498 ad
335 2434 408 2494 alia
435 2435 526 2494 relat
514 2442 584 2494 tum
612 2454 713 2495 unum
742 2455 778 2497 se
800 2453 944 2521 prorsus
965 2439 1140 2498 intactum

121 2546 227 2615 atque
249 2547 393 2616 separat
397 2557 451 2599 um
473 2537 644 2600 exhibeat

186 2641 271 2716 Quod
293 2661 360 2702 oum
381 2643 439 2703 tale
456 2647 509 2719 sit,
533 2643 735 2726 qualeneque
749 2646 786 2704 ad
808 2648 967 2722 seipsum,
990 2655 1086 2722 neque
1102 2647 1140 2705 ad

33 2733 36 2741 ’
122 2745 181 2804 ahia
202 2747 310 2833 referre
332 2745 429 2821 liceat,
454 2749 542 2806 etiam
567 2748 814 2810 similitudinis
835 2756 927 2827 atque
956 2748 1139 2810 dissimili-

411 2890 423 2918 Γ

181 2991 187 3018 i

144 3037 336 3050 υ--ι--ι--η

157 3219 183 3254 ⁵⁷
209 3211 292 3274 Οὐδὲ
312 3236 383 3298 μην
403 3211 545 3286 cavana
574 3203 693 3297 ἑαυτῷ
721 3219 810 3286 icat
841 3209 991 3300 οιῗχ,“
951 3242 1067 3323 ἠπερ
1096 3241 1139 3284 aa

75 3293 124 3346 139
209 3295 289 3369 §voc
313 3300 441 3381 patroc,
464 3323 567 3410 αντη
579 3303 684 3388 ciq'asa
704 3305 765 3367 καὶ
785 3306 829 3391 aa
849 3307 1006 3370 uacua·

83 3366 113 3418 Β·
155 3391 182 3428 ⁵³
208 3382 288 3446 'Aac'
309 3383 339 3447 εἰ
356 3385 393 3449 τὸ
414 3390 448 3451 ἓν
461 3384 567 3453 καὶτὰ
582 3389 698 3456 ταυτὸν
713 3393 852 3479 μηδαμῆ
868 3383 1057 3502 anapaestos
1037 3391 1138 3458 οπότε

205 3494 236 3534 τι
256 3467 373 3535 ταυτὸν
394 3475 536 3574 s'yo'yesco,
558 3473 649 3539 ἄεὶ’“
628 3503 669 3542 αν
690 3481 725 3543 ἓν
746 3481 891 3562 ἐγίγνετο,
912 3480 964 3544 καὶ
978 3479 1077 3545 ὁπότε
1092 3483 1137 3560 ἓν,

203 3555 330 3622 ταυτόν.

153 3649 179 3691 ⁵⁹
205 3641 287 3708 ΕΓ
266 3668 330 3754 apa
350 3642 396 3714 τό,
409 3645 482 3710 ἕν’
457 3651 566 3754 saoce
585 3651 702 3716 anucco
723 3650 842 3732 icat,
821 3676 860 3736 εχ
881 3644 954 3718 ἓν“
937 3656 1039 3742 εαυτῷ
1060 3655 1137 3732 teat,

202 3733 253 3796 καὶ
274 3755 382 3808 aaran
390 3728 471 3817 ἓ,ν”
453 3758 495 3799 ον
516 3734 558 3818 ἐχ
579 3739 617 3801 ἓν
639 3741 730 3809 teas.

80 3839 110 3892 Ε.
151 3826 181 3862 ⁶⁰
205 3811 310 3884 Ουτω
328 3818 391 3930 dp
401 3821 553 3932 ἔτερόν
580 3822 673 3934 γεη
702 3823 853 3893 aevaeo
881 3849 926 3894 ao
952 3830 993 3892 εν
1014 3849 1058 3894 aa
1087 3849 1137 3893 aa

206 3905 304 3990 αὐτῷ
325 3904 375 3972 ἔτ
395 3904 440 3974 αν
461 3907 574 3998 ἑτέρῳ
594 3907 659 3999 εἴη.
