2704 4560
641 331 826 462 'to'

248 527 353 605 Itaque
375 544 453 588 nune
474 505 589 604 iisdem,
613 532 719 609 quibus
741 537 836 606 antea,
859 529 972 608 laqueis
995 537 1097 609 captos
1121 539 1151 592 et
1172 536 1232 592 im-

133 648 137 654 ’
204 631 331 710 plicatos
352 651 407 694 nos
429 628 678 712 videmus'neqne
700 634 781 695 aliud
796 635 960 712 ,quidquam
976 642 1149 697 consecutos
1171 641 1232 698 nisi

206 739 269 794 ιιι
259 743 292 795 ni
312 735 366 796 illa
390 739 559 814 quantitatis
582 742 728 799 coenaria
748 740 945 816 inuiderimus,
968 757 1042 816 quae
1066 759 1153 817 quarn
1174 743 1231 801 ab·

128 831 138 841 ⁸
207 840 295 900 suda
315 843 374 900 sint
395 857 455 900 non
474 844 649 918 ignoramus.

266 943 410 1004 utone
360 963 410 1022 erg
412 963 428 1006 o
451 963 504 1023 per
526 947 750 1006 similitudinem
777 931 825 1008 res
856 953 990 1008 externae
1001 917 1086 1008 ideis
1107 951 1231 1025 partiei-

206 1053 298 1124 pant,¹
311 1049 365 1108 sed
387 1049 463 1109 alius
480 1051 596 1127 quidam
610 1059 763 1129 praeterea
777 1053 959 1128 quaerendus
975 1059 1020 1113 eet
1034 1055 1230 1131 participandi

206 1152 320 1212 modus.
332 1154 359 1192 ¹⁶
1046 1207 1051 1218 .

269 1255 345 1314 Ex
335 1259 373 1316 ris
395 1263 446 1320 aut
447 1274 494 1317 em
507 1275 582 1335 quae
594 1259 656 1336 J'am
671 1260 769 1336 disput
770 1265 819 1317 ιιι
834 1265 921 1336 atque
937 1277 973 1318 ex
987 1260 1043 1319 hae
1058 1264 1224 1336 quaestione

205 1359 329 1436 probata
350 1367 427 1437 suut,
443 1359 510 1438 jam
522 1366 602 1422 satis
624 1370 747 1440 apparet
769 1381 844 1439 quae
873 1351 919 1422 r'at
919 1367 948 1424 io
970 1367 1014 1423 int
1002 1366 1131 1424 teroedat
1150 1368 1223 1422 iuter

205 1464 288 1523 rdeas
298 1481 414 1541 resque
412 1471 549 1525 externas
566 1484 753 1543 eamusque
769 1459 880 1543 qualit
867 1471 952 1529 tatis
966 1485 1077 1545 neque
1093 1470 1224 1546 quanti-

205 1569 1227 1644 tatisnequesimllitudinisnotionibusessedeliniendam.

207 1669 291 1746 Quae
319 1649 422 1751 omnia
436 1675 468 1737 ln
488 1655 642 1734 ¹contraria
670 1674 774 1733 incidit
803 1675 879 1752 idea,
911 1682 1053 1752 quatenus
1084 1679 1148 1754 ipsa
1175 1693 1231 1753 per

206 1791 239 1834 se
260 1778 355 1853 ipsam
375 1778 463 1837 rebus
485 1777 584 1838 multis
607 1777 704 1837 aliena
727 1784 789 1838 erat
810 1785 949 1856 tanquam
971 1782 1128 1841 abstracta·
1140 1787 1230 1857 atque

204 1887 348 1956 separata.
399 1879 475 1942 Nam
488 1907 494 1918 ·
507 1885 540 1941 in
567 1881 621 1943 tali
642 1884 773 1942 idearum
795 1870 995 1961 separatione,
1020 1884 1137 1962 qualem
1166 1885 1229 1945 dis-

205 1987 350 2061 putationi
381 1993 499 2046 nostrae
530 1990 612 2063 quasi
641 1989 832 2064 praemissam
853 1987 1003 2066 habemus,
1025 1987 1169 2049 haudseio
1191 2007 1231 2048 an

206 2105 311 2149 caussa
332 2088 432 2168 lateat,
456 2109 492 2150 ex
514 2108 572 2168 qua
593 2090 781 2165 difficultates
796 2092 882 2166 nobis
903 2100 1020 2153 exortae
1033 2096 1101 2153 sint.
1114 2096 1141 2131 ¹⁷
1160 2091 1230 2153 Huo

190 2199 341 2271 'spectant
362 2212 436 2271 quae
457 2197 611 2273 praeterea
632 2197 668 2256 de
686 2178 941 2274 cognoscendis
958 2199 1055 2258 ideis
1077 2199 1230 2277 disputan-

204 2303 259 2356 ιιιι.
303 2294 389 2358 Ideae
412 2302 490 2359 enim
503 2302 536 2360 si
558 2303 622 2377 qtuis
644 2319 662 2360 a
689 2302 777 2361 rebus
800 2304 927 2363 extemis
947 2299 1036 2378 plane
1057 2303 1226 2379 sejunxerit

205 2403 1225 2500 apparatanobisneutiquamperspioiatquecognosoiposse.

204 2504 281 2566 Nam
295 2508 468 2584 quomodot
455 2509 573 2568 tandem
590 2502 684 2569 ideas
686 2512 840 2587 perspicue
854 2505 1058 2583 intelligamus,
1082 2522 1152 2580 quas
1167 2524 1228 2566 non

204 2609 295 2672 liceat
302 2612 340 2672 ad
350 2615 462 2704 animos
474 2619 588 2674 nostros
599 2631 629 2673 re
632 2613 725 2674 berre?
741 2613 824 2690 Quae
835 2631 905 2673 num
918 2613 976 2678 siut
989 2627 1081 2696 neone
1092 2627 1145 2669 nos
1160 2612 1225 2684 qui-

205 2716 272 2776 dem
300 2716 387 2796 plane
416 2721 605 2822 ignoramus,
640 2737 706 2778 omn
739 2722 782 2778 ita
751 2719 900 2778 tnobis
929 2722 996 2777 nost
996 2718 1094 2792 risque
1123 2716 1225 2775 annis

205 2820 320 2881 alienae
349 2825 422 2909 sint,
449 2822 622 2883 utnullo'
613 2829 656 2882 mt
645 2825 775 2884 teroedat
799 2825 883 2882 ratio.
928 2821 1005 2881 Νιιιι
1027 2820 1105 2900 quod
1126 2808 1228 2912 aninris'

205 2927 445 3005 perspiciturdrun
467 2933 521 3003 est,
544 2929 668 2988 animis
690 2927 827 3006 oportet
850 2928 956 2986 etiam
977 2926 1101 2985 adsit:

269 3029 360 3114 Nune
376 3047 446 3090 vero
469 3031 553 3092 ideae
576 3052 593 3090 a
614 3033 705 3093 nobis*
721 3031 808 3109 plane
838 3032 974 3090 absunt.
1024 3029 1127 3105 Neque
1151 3029 1229 3085 'euim

207 3137 361 3212 quisquam
375 3121 527 3214 dubitabit,
551 3140 620 3215 quin
633 3139 718 3197 ideae
733 3136 867 3199 sensibus
883 3133 1129 3231 omuiuofalienae
1141 3133 1229 3192 etiam

211 3413 401 3424 -——---.

242 3615 268 3651 ¹⁶
295 3602 402 3670 02}st
369 3631 444 3715 αρα
454 3607 661 3712 ὁμοιότητι
676 3603 837 3716 vdit?
792 3629 856 3672 των
871 3603 965 3671 εἰδῶν
972 3601 1227 3713 μεταλαμβάνει,

159 3649 214 3760 133
294 3692 378 3760 ἄλλά
397 3718 428 3758 τι
448 3691 525 3758 ἄλλο
548 3697 602 3759 dit
610 3683 767 3801 ζιμεϊν
742 3721 766 3757 ω
774 3690 1040 3802 μεταλαμβάνει.

43 3780 48 3788 ’
151 3771 195 3844 fl·
242 3773 1228 3888 17Ὁρᾷς’ἐνιισηηἀιιορια,ιιινιιςιςιιιιηιντααιιιιὶ

288 3863 412 3935 ιιιιιΗ
396 3865 514 3936 sautu
536 3870 762 3963 διορίζηται.
921 3887 924 3906 ¹
