2704 4560
614 353 660 425 lx.

123 546 292 610 unitatis
314 544 538 626 notionem,
570 515 672 624 quae
694 541 853 624 quidem
875 523 985 606 suurn
1006 542 1135 623 ipsius

123 682 382 764 negationem
425 681 444 742 i.
478 698 504 742 e
546 670 922 776 rnultitudinenr'in
956 696 998 740 se
1034 695 1136 741 com-

122 815 355 897 prehendat.
428 833 432 842 ’

204 949 304 1031 Atque
333 953 409 1014 entis
442 960 471 1015 et
500 970 560 1015 non
588 953 664 1015 entis
693 953 768 1017 ratio
799 954 838 1016 ita
858 923 932 1016 vere
960 951 1135 1034 explicatur,

123 1093 162 1148 ut
183 1087 360 1151 unumad
379 1088 499 1152 nauita
518 1087 734 1152 referatur.

204 1238 318 1314 Quibus
341 1243 418 1305 iuter
450 1209 484 1304 se
500 1241 743 1330 ,reconciliandis
772 1244 837 1324 ipsa
856 1238 1043 1323 philosophia
1066 1244 1135 1300 tan-

121 1393 209 1457 quarn
230 1395 345 1446 summo
367 1377 489 1439 arbitrio
512 1378 718 1454 constituitur,
751 1379 777 1441 si
807 1378 926 1458 quidem
949 1377 988 1439 ita
1020 1374 1135 1436 dernurn

123 1511 378 1575 dialecticae
400 1512 568 1576 unitatis
590 1515 695 1577 notio
716 1515 966 1596 producitur.

203 1664 296 1727 Nam
323 1666 458 1729 multis
488 1650 526 1728 in
553 1669 721 1732 unitatis
757 1669 959 1730 notionem
988 1665 1133 1729 relatis

121 1798 287 1864 divinus
310 1794 381 1866 ille
402 1803 686 1884 philosophiae
708 1823 796 1868 eros
820 1804 1052 1884 explicatus
1075 1809 1135 1863 est

119 1945 235 2018 utque
269 1939 432 2003 Platonis
468 1937 730 2022 philosophia
761 1949 945 2021 tanquam
980 1936 1027 1999 ad
1058 1936 1135 1998 ihi-

119 2073 214 2138 tium
236 2093 345 2138 suurn
368 2093 541 2138 reversa
565 2075 736 2144 videtur·
777 2149 782 2171 Ι

202 2225 335 2289 hlortalis
369 2228 460 2310 igitur
488 2227 605 2297 Πενίας
637 2236 667 2291 et
698 2227 868 2292 immortalis
898 2223 986 2310 Πόρε
1015 2227 1134 2309 nuptiae

123 2380 183 2424 non
201 2363 262 2444 jam
282 2365 312 2426 in
332 2365 474 2427 subitaria
495 2366 584 2429 unius
606 2369 745 2432 rnornenti
767 2387 803 2431 ac
824 2368 917 2431 divini
943 2349 1134 2431 enthusiasnni

122 2500 289 2564 consistunt
319 2470 489 2583 uoluptate,
521 2503 589 2566 sed
618 2514 810 2586 perpetua
841 2505 999 2586 quadam
1019 2513 1134 2585 alque

119 2645 289 2702 aeterna
311 2641 577 2704 continentur
595 2643 758 2704 unitate.

201 2787 339 2868 ltaque
370 2807 482 2869 quern
502 2789 620 2854 Deum
643 2792 819 2856 Phaedro
841 2792 1027 2857 Socrates
1051 2799 1134 2855 tan·

120 2942 230 3005 quarn
275 2923 416 2988 divino
460 2925 603 2992 furore
645 2930 828 3011 percitus
868 2930 1132 3007 vaticinatur,

81 3079 83 3085 ·
121 3062 322 3143 quusque
357 3062 549 3146 vestigiis
573 3055 671 3129 ‘sese
704 3063 933 3156 institurum
964 3082 1132 3147 pronun-

120 3197 215 3274 tiat,
237 3198 335 3260 idem
356 3198 394 3260 in
417 3200 644 3266 Parmenide
667 3220 867 3284 praesens
888 3201 1046 3266 videtur
1067 3219 1132 3284 ap·

119 3349 272 3413 parere.
301 3364 340 3412 ,-
768 3313 771 3320 ’

125 3491 131 3504 ·
200 3469 282 3533 llaec
315 3468 420 3552 habui,
450 3491 527 3554 quae
559 3477 778 3555 praemitteren
805 3475 849 3540 ad*
864 3476 971 3554 locum,
994 3453 1082 3556 quem
1101 3475 1132 3536 in

119 3607 269 3670 Platonico
290 3616 451 3689 systemate
471 3610 661 3676 Parmenides
682 3614 817 3677 obtinere
837 3613 1007 3692 videretur,
1028 3613 1132 3693 paucis

122 3742 364 3826 significandum,
389 3746 496 3827 quihus
519 3732 606 3811 simul
624 3750 700 3813 ratio
722 3769 780 3831 qua
797 3751 855 3831 ipsi
869 3751 900 3834 in
918 3741 974 3813 hac
996 3749 1132 3829 disputa-

121 3877 201 3942 tione
216 3898 233 3943 a
248 3881 356 3947 ceteris
372 3881 499 3968 dialogis
515 3887 760 3971 segregavimus,
783 3887 915 3954 breviter
935 3886 1133 3976 suppleretur.
1199 3897 1204 3920 ¹
