2704 4560
587 287 786 358 .V111¹

190 483 219 537 et
237 461 356 543 Πενίας
376 473 487 556 nuptiis
509 473 726 557 proficiscitur:
746 477 776 538 in
799 493 859 560 quc
881 473 1122 558 conjugioquae
1149 475 1225 538 ale-

161 659 162 662 *
189 565 293 675 mem*
316 619 419 696 mutuo
449 631 551 675 amore
574 613 783 692 continentur,
812 633 848 677 ea
878 621 919 676 ut
950 612 1224 693 explicentur

189 765 360 812 summus
397 754 460 810 est
496 746 789 829 philosophiae
826 749 1070 814 Platonicae
1105 747 1221 812 finis.

190 883 248 957 OEs
271 882 322 984 hat
344 883 432 945 somit
456 878 511 946 der
532 881 719 949 Platonisc'he
742 885 916 949 ldealismus
938 886 968 947 in
993 885 1107 947 seinana
1120 881 1220 947 'Ans-

190 1019 404 1103 gangsppnkte
433 1019 504 1082 den
531 1015 650 1102 Πόρος
680 1024 717 1085 in
747 1022 815 1086 der
836 1020 958 1085 Πενία
986 1019 1218 1102 argriifen:

190 1155 239 1220 die
269 1145 733 1241 Vereinigungheider,
756 1158 804 1221 die
827 1157 1124 1241 Belriedignng
1146 1156 1216 1218 des

190 1292 424 1356 arctischen
447 1292 613 1358 Teichos
639 1295 699 1357 >ist
727 1294 789 1357 die
821 1293 1092 1390 we‘sentlic'hc
1117 1289 1213 1356 Auf—

189 1429 289 1513 gahc
319 1428 568 1516 desselben.)

225 1546 232 1572 l
269 1591 521 1660 Dizalccticac
543 1592 669 1675 igitur
692 1593 793 1656 artis
816 1605 889 1673 cpe
910 1593 1109 1656 elementa
1130 1590 1215 1686 illa,
1327 1581 1328 1620 l

190 1729 453 1810 quaeamcris
477 1727 755 1791 enthusiasnao
781 1745 874 1792 sese
896 1731 1070 1793 invicem
1094 1744 1215 1806 appe-

191 1871 297 1942 tunt,
332 1863 544 1944 objectiva
575 1865 693 1944 *quasi
728 1866 894 1929 ratione
938 1874 1030 1930 sunt
1066 1885 1216 1931 recon-

194 1997 383 2064 cilianda.
463 2019 465 2025 ·

274 2161 355 2225 llaec
371 2163 516 2226 elementa
531 2173 601 2226 sunt
614 2159 726 2250 Πόρος,
734 2173 763 2230 et
776 2137 878 2228 Πενία
899 2163 928 2227 h.
944 2184 969 2227 e.
991 2165 1215 2228 immortale

192 2295 437 2380 et'mortale,
459 2300 508 2364 vel
523 2300 550 2364 si
564 2302 768 2384 metaphysica
785 2303 867 2370 dicas
888 2321 958 2366 ens
981 2312 1017 2365 et
1039 2320 1114 2364 non
1136 2318 1212 2364 ens.

196 2438 258 2502 Ens
282 2445 312 2501 et
332 2456 393 2501 non
416 2455 470 2500 ens
488 2438 528 2500 ita
548 2438 629 2500 Plato
644 2437 773 2520 copulat,
795 2442 829 2499 nt
844 2435 1004 2498 essentiam
1019 2437 1049 2497 in
1064 2436 1112 2511 iis,
1135 2451 1212 2513 quae

141 2622 149 2632 ,
191 2591 253 2637 non
268 2581 347 2654 sunt,
368 2533 600 2638 denienstrandc
621 2573 881 2657 negationem
902 2588 962 2632 non
977 2568 1057 2634 nude
1078 2569 1212 2650 priva-

192 2709 314 2772 tivam
342 2711 398 2774 sed
428 2712 466 2773 in
495 2729 539 2774 ea
568 2711 717 2774 entium
746 2708 926 2787 ratione,
957 2725 1031 2789 qua
1060 2705 1140 2769 alia
1165 2703 1213 2768 ‘ad

193 2820 560 2927 alla'referantur,
596 2829 920 2949 comprehendat
944 2881 978 2892 —
1011 2841 1213 2922 Quaquidcrn
1327 2833 1328 2838 ’

192 2999 228 3072 rc
261 2981 369 3062 elicit,
405 2991 438 3046 ut
468 2984 699 3066 negatione
730 2990 805 3045 tan
835 2981 874 3041 in
903 2977 1212 3062 cogitationem,
1327 3049 1328 3052 Ἴ

194 3135 312 3200 quam
346 3105 394 3181 in
422 3101 647 3183 essentiam
684 3075 870 3195 recepta,
912 3111 952 3174 in
989 3111 1211 3175 Theaeteto

195 3247 424 3336 scientiae,
456 3254 574 3321 ideae
596 3256 636 3318 in
663 3251 858 3333 Sophista
889 3248 1094 3312 notionem
1123 3267 1211 3312 con·
1327 3233 1328 3318 J

196 3391 354 3455 stituat
394 3391 442 3456 Ex
461 3392 518 3456 hac
548 3390 659 3456 entis
688 3397 727 3452 et
757 3405 836 3474 non
866 3386 973 3450 ontis
1003 3387 1211 3468 junctura,
1327 3483 1328 3486 Ἴ

198 3545 286 3609 quam
306 3527 368 3591 illic
399 3526 695 3614 subjectivana,
729 3525 778 3589 hic
799 3523 1045 3606 objectivam
1077 3519 1211 3599 ostendit,
1327 3487 1328 3522 ³

199 3682 235 3728 aa
266 3681 395 3729 necesse
428 3672 475 3728 est
507 3672 650 3747 appareat
678 3663 776 3742 notio,
816 3661 901 3743 cujus
934 3657 1085 3724 intellectu
1115 3654 1211 3720 Plato-

199 3799 249 3866 nis'
274 3799 473 3885 philosophia
505 3807 644 3886 tanquam
677 3798 715 3886 ad
750 3763 902 3886 fastigium
924 3794 1088 3868 tenebatur.
1142 3793 1211 3863 Dico
