2704 4560
684 307 717 359 vl

106 537 110 544 .
189 498 294 570 esset,
322 491 419 554 minus
440 509 533 572 parce
555 492 603 554 usi
623 492 786 554 videamur.
835 492 993 554 Praeterea
1015 491 1051 553 ab
1077 490 1220 553 omnibus

128 691 132 702 ,
194 626 327 691 externis
351 626 516 690 rationibus
542 629 692 711 integrum
719 626 820 690 studui
844 605 1047 690 Parmenidem
1079 643 1221 704 servare,

194 771 227 826 ut
247 763 408 844 peculiaris
428 762 517 845 hujus
541 763 651 847 dialogi
669 763 801 846 gravitas
823 782 901 828 neve
923 769 1085 846 augeretur
1107 761 1217 832 alienis

196 899 303 979 opibus
326 916 405 984 neve
426 898 605 962 elevaretur.

278 1051 461 1132 Quamquam
484 1052 637 1118 doctarum
661 1056 878 1134 quaestionum,
900 1056 1008 1137 quibus
1030 1058 1081 1120 olii
1094 1060 1219 1123 Parme-

175 1185 296 1270 ¹nidem
317 1185 515 1268 illustrarunt,
537 1192 748 1271 praestantiam
767 1192 886 1254 minime
909 1192 1062 1256 dissimulo
1082 1211 1217 1275 pronus-

197 1344 256 1405 que
278 1342 372 1387 meam
395 1324 462 1423 ipse
486 1324 715 1390 imbecillitatem
737 1344 858 1405 accuso,
881 1329 932 1408 qui
954 1329 1104 1392 nonnullis
1122 1328 1215 1390 veluti

197 1459 393 1525 Stallbaumiis
416 1461 641 1542 quaestionibus
663 1464 706 1526 uti
728 1465 905 1542 nescierim,
931 1465 996 1527 aliis
1019 1465 1049 1526 in
1070 1465 1126 1528 bae
1149 1463 1214 1527 dis-

198 1598 350 1677 putatione
372 1597 569 1678 satisaptum
590 1599 689 1664 looum
708 1615 770 1663 non
790 1599 954 1664 habuerim.

278 1749 428 1812 Lubenter
459 1750 594 1814 absoluto
621 1751 692 1815 huie
722 1752 823 1816 libello
854 1755 1065 1818 sententiarum
1089 1751 1215 1831 illarum,

198 1903 276 1966 quae
298 1885 418 1966 quidem
439 1885 578 1968 cognitae
597 1887 667 1950 mihi
683 1898 795 1968 essent,
815 1890 998 1952 addidissem
1013 1896 1217 1968 eonspeotum,

198 2021 256 2084 nisi
277 2021 402 2086 ambitus
424 2032 546 2086 nostrae
575 2023 783 2106 disputationis
809 2044 846 2090 eo
863 2026 925 2108 jam
946 2025 1149 2101 excrevisset,
1184 2032 1217 2092 ut

198 2156 285 2221 finem
307 2157 517 2238 imponendum
537 2161 707 2225 arbitrarer.

282 2312 435 2392 Quatenus
459 2332 476 2376 e
497 2314 874 2406 novissimispendeamus
897 2317 1040 2380 Zellori
1061 2319 1216 2397 quaestio-

199 2448 305 2527 nibus,
337 2447 407 2510 ideo
435 2465 496 2511 non
521 2449 640 2513 videtur
668 2449 828 2529 operosius
851 2467 920 2512 esse
944 2447 1214 2527 demonstrandum,

157 2591 159 2602 '
200 2584 281 2666 quod
302 2583 372 2666 bulo
393 2584 476 2663 viro,
502 2602 558 2665 per
582 2603 669 2665 quem
690 2585 817 2648 maxime
838 2586 875 2649 ad
903 2585 977 2648 haee
998 2585 1095 2648 studia
1117 2585 1214 2647 acrius

199 2718 361 2786 recolenda
381 2718 534 2784 traductus
560 2738 642 2801 sum,
671 2721 702 2786 in
723 2722 910 2808 gravissimis
934 2723 1104 2804 quibusque
1125 2721 1214 2784 rebus

201 2857 360 2920 assentior.

283 3007 505 3072 Discedendum
533 3017 631 3074 tamen
660 3010 695 3074 ab
726 3008 832 3074 eodem
861 3006 932 3069 mihi
960 3005 1062 3087 putavi
1090 3013 1151 3068 tum
1180 3005 1215 3070 de

202 3143 370 3208 notione
402 3143 849 3222 Platonioilmomenti,
885 3142 934 3204 oui
970 3141 1103 3206 Zellerus
1134 3143 1213 3225 justo

203 3279 347 3344 minorem
373 3279 433 3342 vim
454 3281 596 3345 tribuisse
615 3280 789 3358 videbatur,
819 3287 880 3343 tum
902 3279 939 3342 de
960 3279 1094 3342 ultima
1115 3280 1212 3369 anti-

203 3415 350 3494 nomia,
376 3415 429 3480 ubi
449 3415 528 3480 idem
551 3417 829 3500 ontologieum
849 3415 1090 3497 principium
1111 3431 1212 3478 aroes-

205 3550 275 3613 sivit
295 3551 390 3634 magis
421 3572 509 3634 quam
540 3554 569 3616 in
598 3555 696 3635 ipsum
727 3515 915 3617 dialecticum
941 3569 1137 3638 progressum
1158 3552 1213 3614 im-

147 3760 148 3764 ,
204 3685 334 3768 plicavit.
383 3686 436 3750 llis
460 3688 552 3772 igitur
578 3689 653 3758 loeis
679 3690 827 3761 Zellerun
854 3689 972 3780 reliqui.
1015 3687 1149 3760 Rectene
1168 3689 1213 3761 alii

206 3789 442 3890 indicabunt-
474 3871 478 3886 ,
520 3889 522 3894 ,
1104 3784 1109 3795 s
