2704 4560
18 653 23 662 ,
126 587 203 648 thesi
224 586 313 663 hujus
335 583 515 643 antinomias
538 581 645 640 eximio
669 594 737 637 eum
752 574 886 634 acumine
903 577 932 629 et
953 565 1076 627 mirifica
1091 583 1158 625 cum

125 693 270 768 gravitate
292 687 414 765 profert,
437 690 469 748 in
483 685 593 764 duplici
604 683 794 742 hmdamento
806 677 917 750 nititur,
941 670 1159 750 quodquidam

126 793 322 875 philosophus
344 794 375 850 in
398 791 512 850 duobus
534 789 601 848 aliis
623 787 715 859 libris,
739 780 908 842 Parmenidi
930 780 1071 856 dignitate
1090 791 1160 852 pro-

126 901 223 974 ximis,
249 914 337 976 quam
358 895 522 955 firmissime
542 894 623 970 Jeoit.
656 887 740 966 Quae
756 887 901 959 doctrina,
925 885 951 942 si
972 884 1091 960 penitus
1113 883 1160 939 in-

129 1007 269 1081 quiritur,
300 1001 382 1060 hisce
412 999 525 1058 duobus
555 999 736 1069 continetur,
767 991 846 1070 quod
875 994 938 1048 tum
966 985 1022 1048 nil
1052 983 1162 1044 aliud

129 1109 284 1186 cogitari
304 1110 442 1184 potest,
464 1105 539 1163 nisi
563 1101 657 1178 quod
678 1102 796 1177 ipsum
817 1111 879 1172 per
901 1109 942 1152 se
963 1093 1082 1166 ipsum
1105 1093 1162 1148 est

131 1205 179 1294 (τό
202 1203 298 1278 ὅντως
321 1201 386 1292 ὃν),
410 1216 473 1269 tum
496 1211 522 1267 si
545 1206 623 1282 quid,
656 1208 798 1279 quatenus
822 1197 881 1256 alia
903 1201 988 1269 sunt,
1011 1209 1072 1252 non
1094 1207 1160 1251 esse

39 1343 44 1352 ·
129 1297 245 1374 videtur
269 1307 317 1395 (τό
337 1306 459 1395 pado),
482 1313 641 1389 idipsum,
666 1309 735 1384 quia
756 1304 795 1363 ad
817 1301 877 1360 alia
898 1299 1031 1374 refertur,
1054 1312 1161 1356 neces·

128 1423 207 1480 sario
231 1421 339 1480 existit.
386 1417 461 1476 Sunt
484 1419 571 1490 enim,
596 1429 671 1489 quae
694 1411 919 1486 distinguuntur.

192 1522 328 1582 Alterrun
351 1521 469 1598 quidem
490 1519 577 1579 Plato
601 1515 761 1595 explicavit
789 1515 820 1570 in
843 1509 1081 1579 Theaeteto,
1112 1504 1163 1580 qui

129 1626 262 1704 dialogus
284 1643 386 1685 veram
408 1624 605 1702 cognoscendi
634 1624 713 1680 viam
745 1612 844 1698 (quam
872 1612 964 1673 nostri
993 1607 1164 1686 philosophi

128 1730 201 1808 „die
216 1728 489 1806 Phinomcnologie
512 1729 564 1788 des
576 1719 815 1786 Bewusstseins“
825 1714 944 1798 vocant)
967 1715 1163 1792 persequitur,

128 1835 254 1895 alterum
275 1839 306 1894 in
330 1833 516 1913 Sophiste,
546 1834 595 1909 qui
624 1828 760 1905 dialogus
784 1825 942 1884 essentiam
964 1820 1064 1892 imile,
1088 1832 1164 1892 quae

127 1959 187 1998 non
216 1947 301 2015 sunt,
332 1939 497 2017 detegendo
519 1937 685 2014 negationis
712 1935 773 1991 vhn
794 1936 934 2004 tanquam
957 1921 1162 1980 affirmativam

129 2046 259 2121 exponit.
303 2043 367 2102 Has
389 2045 477 2118 igitur
499 2042 687 2118 gravissimas
709 2037 857 2108 notiones,
880 2045 956 2107 quae
978 2026 1096 2084 nonnisi
1111 2039 1164 2082 ac·

129 2153 229 2208 curate
251 2144 488 2223 philosophando
511 2152 600 2222 atque
621 2139 769 2204 subtiliter
790 2133 964 2211 inquirendo
976 2119 1164 2208 perspiciun-

130 2257 188 2324 tur,
211 2247 298 2309 Plato
321 2253 352 2308 in
374 2249 557 2308 Parmenidis
578 2245 625 2307 ΠΙ
644 2245 714 2306 Ant.
737 2243 816 2302 thesi
835 2239 965 2298 breviter
984 2240 1072 2309 atque
1095 2231 1166 2290 sim-

130 2353 249 2432 pliciter
271 2356 354 2430 quasi
377 2353 441 2432 jam
462 2351 615 2412 absolutas
629 2349 836 2428 perfectasque
851 2341 1031 2419 resrepetit3
1056 2352 1092 2396 ex
1107 2351 1166 2412 quo

126 2457 191 2538 jam
212 2460 285 2518 satis
307 2463 439 2538 apparet,
464 2490 479 2504 -
501 2475 539 2516 ne
561 2456 627 2516 aliis
649 2462 766 2514 utamur
781 2440 1168 2530 argrnnentis-Parmenidl

130 2567 160 2621 et
183 2562 380 2624 Theaetetum
402 2569 433 2622 et
455 2561 625 2642 Sophistam
647 2558 831 2624 antecedere.

195 2666 262 2725 Hoc
283 2670 382 2742 igitur,
406 2669 432 2726 si
454 2669 485 2724 in
507 2683 652 2724 summam
676 2663 816 2736 colligere
831 2658 916 2730 velis,
945 2671 982 2714 ex
1004 2649 1168 2709 antinomia

129 2773 229 2828 nostra
258 2772 404 2844 sequitur:
434 2785 549 2842 unum,
573 2770 604 2826 si
627 2767 819 2842 cogitatur,
838 2762 948 2818 etiarn
963 2772 1044 2815 esse
1061 2769 1167 2830 opor-

129 2879 191 2932 tet.
239 2871 353 2949 Quodsi
374 2874 469 2950 prima
490 2873 654 2932 antinomia
675 2883 788 2928 unum
814 2869 879 2924 aut
911 2861 1065 2922 omnino
1094 2872 1170 2916 non

133 2995 223 3055 esse,
248 2983 308 3052 aut,
333 2979 364 3038 si
386 2976 529 3053 quidem
551 2977 610 3050 sit,
633 2971 849 3034 necessario
865 2965 978 3026 multa
993 2979 1072 3023 esse
1088 2961 1169 3021 cdo-

131 3089 200 3158 cet,
223 3085 312 3142 tertia
333 3084 504 3156 antinomia,
528 3097 640 3140 unum
662 3078 819 3161 etiamsi
840 3089 916 3136 non
937 3070 1002 3149 sit,
1032 3072 1167 3145 tamen,

133 3189 213 3268 quia
236 3190 429 3263 cogitetur,
454 3189 561 3246 etiam
583 3199 663 3244 esse
685 3182 857 3267 aisirmat.

603 3453 689 3540 IV.

200 3611 259 3664 Die
278 3606 318 3662 lll.
336 3606 513 3660 Antinomie
535 3607 596 3660 und
615 3606 668 3666 das
687 3603 910 3674 ontclogische
927 3601 1105 3669 Argument.

197 3751 289 3811 Diese
312 3749 483 3812 Antinomie
506 3751 643 3810 beweist:
665 3745 781 3810 Wenn
803 3743 1086 3806 dasEinsnieht
1107 3744 1167 3818 ist,

130 3853 164 3907 so
187 3839 261 3897 wird
283 3855 315 3898 es
338 3838 487 3902 entweder
509 3835 555 3896 als
576 3835 804 3896 nichtseiend
825 3832 985 3911 gedacht
1006 3831 1066 3890 und
1088 3827 1168 3890 dana

129 3921 209 4002 iolgt
230 3925 277 3984 hir
307 3925 359 3988 das
380 3925 453 3989 Eins
482 3922 593 4005 selbot,
625 3925 715 3991 dass
738 3939 778 3986 es
801 3919 900 3984 auch
928 3923 997 4010 ist,
1028 3918 1099 3995 oder
1128 3931 1169 3979 es
