<?xml version="1.0" encoding="UTF-8"?>
<!DOCTYPE html PUBLIC "-//W3C//DTD XHTML 1.0 Transitional//EN"
    "http://www.w3.org/TR/xhtml1/DTD/xhtml1-transitional.dtd">
<html xmlns="http://www.w3.org/1999/xhtml" xml:lang="en" lang="en">
 <head>
  <title>
</title>
<meta http-equiv="Content-Type" content="text/html;charset=utf-8" />
  <meta name='ocr-system' content='tesseract 3.04.00' />
  <meta name='ocr-capabilities' content='ocr_page ocr_carea ocr_par ocr_line ocrx_word'/>
</head>
<body>
  <div class='ocr_page' id='page_1' title='image "./deparmenideplat00fiscgoog_0018.png"; bbox 0 0 2704 4560; ppageno 0'>
   <div class='ocr_carea' id='block_1_1' title="bbox 613 1416 623 1458">
    <p class='ocr_par' dir='ltr' id='par_1_1' title="bbox 613 1416 623 1458">
     <span class='ocr_line' id='line_1_1' title="bbox 613 1416 616 1427; baseline 0 0"><span class='ocrx_word' id='word_1_1' title='bbox 613 1416 616 1427; x_wconf 90' lang='grc' dir='ltr'>ι</span> 
     </span>
     <span class='ocr_line' id='line_1_2' title="bbox 620 1449 623 1458; baseline 0 0"><span class='ocrx_word' id='word_1_2' title='bbox 620 1449 623 1458; x_wconf 69' lang='lat' dir='ltr'><strong>a</strong></span> 
     </span>
    </p>
   </div>
   <div class='ocr_carea' id='block_1_2' title="bbox 485 1421 743 1566">
    <p class='ocr_par' dir='ltr' id='par_1_2' title="bbox 485 1421 743 1566">
     <span class='ocr_line' id='line_1_3' title="bbox 485 1421 743 1566; baseline 0.008 -26"><span class='ocrx_word' id='word_1_3' title='bbox 485 1445 582 1542; x_wconf 80' lang='lat' dir='ltr'><strong>Pons</strong></span> <span class='ocrx_word' id='word_1_4' title='bbox 613 1421 743 1566; x_wconf 74' lang='lat' dir='ltr'><strong>ouini.</strong></span> 
     </span>
    </p>
   </div>
   <div class='ocr_carea' id='block_1_3' title="bbox 98 1670 1239 3434">
    <p class='ocr_par' dir='ltr' id='par_1_3' title="bbox 98 1670 1239 3434">
     <span class='ocr_line' id='line_1_4' title="bbox 173 1670 1121 1769; baseline -0.013 -17"><span class='ocrx_word' id='word_1_5' title='bbox 173 1670 226 1752; x_wconf 76' lang='lat' dir='ltr'><strong>ln</strong></span> <span class='ocrx_word' id='word_1_6' title='bbox 246 1691 340 1768; x_wconf 87' lang='lat' dir='ltr'><strong>prima</strong></span> <span class='ocrx_word' id='word_1_7' title='bbox 360 1688 541 1751; x_wconf 82' lang='lat' dir='ltr'><strong>Parmenidis</strong></span> <span class='ocrx_word' id='word_1_8' title='bbox 563 1695 645 1769; x_wconf 83' lang='lat' dir='ltr'><strong>parto</strong></span> <span class='ocrx_word' id='word_1_9' title='bbox 660 1685 995 1762; x_wconf 82' lang='lat' dir='ltr'><strong>contrariadoteguutur</strong></span> <span class='ocrx_word' id='word_1_10' title='bbox 1017 1681 1121 1758; x_wconf 75' lang='lat' dir='ltr'><strong>quibm</strong></span> 
     </span>
     <span class='ocr_line' id='line_1_5' title="bbox 101 1785 1239 1870; baseline -0.007 -18"><span class='ocrx_word' id='word_1_11' title='bbox 101 1793 170 1852; x_wconf 86' lang='lat' dir='ltr'><strong>idea</strong></span> <span class='ocrx_word' id='word_1_12' title='bbox 191 1793 346 1856; x_wconf 71' lang='lat' dir='ltr'><strong>Platonica</strong></span> <span class='ocrx_word' id='word_1_13' title='bbox 367 1795 406 1854; x_wconf 87' lang='lat' dir='ltr'><strong>sit</strong></span> <span class='ocrx_word' id='word_1_14' title='bbox 432 1792 545 1853; x_wconf 81' lang='lat' dir='ltr'><strong>affecta.</strong></span> <span class='ocrx_word' id='word_1_15' title='bbox 592 1791 683 1870; x_wconf 85' lang='lat' dir='ltr'><strong>Cujus</strong></span> <span class='ocrx_word' id='word_1_16' title='bbox 706 1792 868 1853; x_wconf 79' lang='lat' dir='ltr'><strong>doctrinam</strong></span> <span class='ocrx_word' id='word_1_17' title='bbox 888 1785 974 1846; x_wconf 89' lang='lat' dir='ltr'><strong>Plato</strong></span> <span class='ocrx_word' id='word_1_18' title='bbox 995 1785 1120 1863; x_wconf 84' lang='lat' dir='ltr'><strong>primum</strong></span> <span class='ocrx_word' id='word_1_19' title='bbox 1236 1841 1239 1852; x_wconf 77' lang='grc'>,</span> 
     </span>
     <span class='ocr_line' id='line_1_6' title="bbox 101 1876 1121 1975; baseline -0.005 -19"><span class='ocrx_word' id='word_1_20' title='bbox 101 1901 223 1975; x_wconf 92' lang='lat' dir='ltr'><strong>opponit</strong></span> <span class='ocrx_word' id='word_1_21' title='bbox 236 1915 302 1958; x_wconf 85' lang='lat' dir='ltr'><strong>oum</strong></span> <span class='ocrx_word' id='word_1_22' title='bbox 315 1896 426 1956; x_wconf 85' lang='lat' dir='ltr'><strong>Eleatis</strong></span> <span class='ocrx_word' id='word_1_23' title='bbox 442 1899 539 1958; x_wconf 86' lang='lat' dir='ltr'><strong>omnia</strong></span> <span class='ocrx_word' id='word_1_24' title='bbox 560 1915 665 1958; x_wconf 90' lang='lat' dir='ltr'><strong>unum</strong></span> <span class='ocrx_word' id='word_1_25' title='bbox 680 1913 745 1967; x_wconf 77' lang='lat' dir='ltr'><strong>esso</strong></span> <span class='ocrx_word' id='word_1_26' title='bbox 760 1876 924 1956; x_wconf 73' lang='lat' dir='ltr'><strong>diosntibuu</strong></span> <span class='ocrx_word' id='word_1_27' title='bbox 935 1897 998 1950; x_wconf 85' lang='lat' dir='ltr'><strong>tum</strong></span> <span class='ocrx_word' id='word_1_28' title='bbox 1008 1889 1121 1951; x_wconf 81' lang='lat' dir='ltr'>Zenoni</span> 
     </span>
     <span class='ocr_line' id='line_1_7' title="bbox 100 1997 1120 2078; baseline -0.006 -20"><span class='ocrx_word' id='word_1_29' title='bbox 100 2004 219 2076; x_wconf 80' lang='lat' dir='ltr'><strong>neganti</strong></span> <span class='ocrx_word' id='word_1_30' title='bbox 242 2019 316 2078; x_wconf 84' lang='lat' dir='ltr'><strong>quaa</strong></span> <span class='ocrx_word' id='word_1_31' title='bbox 338 2005 399 2062; x_wconf 85' lang='lat' dir='ltr'><strong>sint</strong></span> <span class='ocrx_word' id='word_1_32' title='bbox 422 2004 539 2062; x_wconf 90' lang='lat' dir='ltr'><strong>omnino</strong></span> <span class='ocrx_word' id='word_1_33' title='bbox 561 2017 649 2077; x_wconf 82' lang='lat' dir='ltr'><strong>posse</strong></span> <span class='ocrx_word' id='word_1_34' title='bbox 670 1999 787 2058; x_wconf 77' lang='lat' dir='ltr'><strong>nuulta</strong></span> <span class='ocrx_word' id='word_1_35' title='bbox 808 2015 887 2072; x_wconf 86' lang='lat' dir='ltr'><strong>osso,</strong></span> <span class='ocrx_word' id='word_1_36' title='bbox 916 1997 1024 2072; x_wconf 82' lang='lat' dir='ltr'><strong>quippo</strong></span> <span class='ocrx_word' id='word_1_37' title='bbox 1046 2009 1120 2070; x_wconf 81' lang='lat' dir='ltr'><strong>quau</strong></span> 
     </span>
     <span class='ocr_line' id='line_1_8' title="bbox 100 2099 1119 2184; baseline -0.009 -20"><span class='ocrx_word' id='word_1_38' title='bbox 100 2103 207 2164; x_wconf 83' lang='lat' dir='ltr'><strong>similia</strong></span> <span class='ocrx_word' id='word_1_39' title='bbox 234 2111 323 2182; x_wconf 85' lang='lat' dir='ltr'><strong>atqua</strong></span> <span class='ocrx_word' id='word_1_40' title='bbox 358 2104 512 2164; x_wconf 82' lang='lat' dir='ltr'><strong>dissimilia</strong></span> <span class='ocrx_word' id='word_1_41' title='bbox 547 2106 646 2180; x_wconf 85' lang='lat' dir='ltr'><strong>itaquo</strong></span> <span class='ocrx_word' id='word_1_42' title='bbox 678 2099 739 2174; x_wconf 77' lang='lat' dir='ltr'><strong>sibi</strong></span> <span class='ocrx_word' id='word_1_43' title='bbox 766 2104 839 2180; x_wconf 82' lang='lat' dir='ltr'><strong>ipsis</strong></span> <span class='ocrx_word' id='word_1_44' title='bbox 875 2099 1021 2184; x_wconf 77' lang='lat' dir='ltr'><strong>contraria</strong></span> <span class='ocrx_word' id='word_1_45' title='bbox 1055 2112 1119 2156; x_wconf 85' lang='lat' dir='ltr'><strong>ossa</strong></span> 
     </span>
     <span class='ocr_line' id='line_1_9' title="bbox 101 2198 1120 2286; baseline -0.004 -22"><span class='ocrx_word' id='word_1_46' title='bbox 101 2213 243 2282; x_wconf 81' lang='lat' dir='ltr'><strong>oporteat.</strong></span> <span class='ocrx_word' id='word_1_47' title='bbox 287 2207 350 2266; x_wconf 86' lang='lat' dir='ltr'><strong>Has</strong></span> <span class='ocrx_word' id='word_1_48' title='bbox 373 2207 489 2283; x_wconf 82' lang='lat' dir='ltr'><strong>quidem</strong></span> <span class='ocrx_word' id='word_1_49' title='bbox 508 2204 706 2282; x_wconf 74' lang='lat' dir='ltr'><strong>difficultates,</strong></span> <span class='ocrx_word' id='word_1_50' title='bbox 729 2208 765 2286; x_wconf 27' lang='lat' dir='ltr'><strong>inf</strong></span> <span class='ocrx_word' id='word_1_51' title='bbox 782 2221 853 2282; x_wconf 86' lang='lat' dir='ltr'><strong>quas</strong></span> <span class='ocrx_word' id='word_1_52' title='bbox 868 2201 1003 2276; x_wconf 77' lang='lat' dir='ltr'><strong>Eleatioa</strong></span> <span class='ocrx_word' id='word_1_53' title='bbox 1022 2198 1120 2279; x_wconf 85' lang='lat' dir='ltr'><strong>philo-</strong></span> 
     </span>
     <span class='ocr_line' id='line_1_10' title="bbox 100 2305 1121 2386; baseline -0.003 -19"><span class='ocrx_word' id='word_1_54' title='bbox 100 2307 206 2384; x_wconf 83' lang='lat' dir='ltr'><strong>sophia</strong></span> <span class='ocrx_word' id='word_1_55' title='bbox 226 2309 337 2385; x_wconf 85' lang='lat' dir='ltr'><strong>incidit,</strong></span> <span class='ocrx_word' id='word_1_56' title='bbox 365 2310 530 2382; x_wconf 73' lang='lat' dir='ltr'><strong>disorimino</strong></span> <span class='ocrx_word' id='word_1_57' title='bbox 552 2316 690 2386; x_wconf 82' lang='lat' dir='ltr'><strong>motuqua</strong></span> <span class='ocrx_word' id='word_1_58' title='bbox 712 2307 826 2384; x_wconf 84' lang='lat' dir='ltr'><strong>ablato,</strong></span> <span class='ocrx_word' id='word_1_59' title='bbox 856 2305 944 2368; x_wconf 89' lang='lat' dir='ltr'><strong>Plato</strong></span> <span class='ocrx_word' id='word_1_60' title='bbox 965 2322 1000 2366; x_wconf 82' lang='lat' dir='ltr'><strong>eo</strong></span> <span class='ocrx_word' id='word_1_61' title='bbox 1022 2305 1121 2366; x_wconf 85' lang='lat' dir='ltr'><strong>studet</strong></span> 
     </span>
     <span class='ocr_line' id='line_1_11' title="bbox 99 2395 1120 2492; baseline -0.002 -22"><span class='ocrx_word' id='word_1_62' title='bbox 99 2409 212 2490; x_wconf 82' lang='lat' dir='ltr'><strong>tollore,</strong></span> <span class='ocrx_word' id='word_1_63' title='bbox 237 2413 314 2490; x_wconf 91' lang='lat' dir='ltr'><strong>quod</strong></span> <span class='ocrx_word' id='word_1_64' title='bbox 331 2395 500 2492; x_wconf 68' lang='lat' dir='ltr'><strong>praodioata</strong></span> <span class='ocrx_word' id='word_1_65' title='bbox 514 2412 566 2472; x_wconf 89' lang='lat' dir='ltr'><strong>illa</strong></span> <span class='ocrx_word' id='word_1_66' title='bbox 588 2416 732 2478; x_wconf 82' lang='lat' dir='ltr'><strong>contraria</strong></span> <span class='ocrx_word' id='word_1_67' title='bbox 753 2432 772 2472; x_wconf 85' lang='lat' dir='ltr'><strong>a</strong></span> <span class='ocrx_word' id='word_1_68' title='bbox 792 2429 890 2476; x_wconf 85' lang='lat' dir='ltr'><strong>rarum</strong></span> <span class='ocrx_word' id='word_1_69' title='bbox 909 2428 987 2472; x_wconf 81' lang='lat' dir='ltr'><strong>nexu</strong></span> <span class='ocrx_word' id='word_1_70' title='bbox 1006 2415 1120 2472; x_wconf 85' lang='lat' dir='ltr'><strong>remota</strong></span> 
     </span>
     <span class='ocr_line' id='line_1_12' title="bbox 98 2515 1120 2598; baseline -0.001 -23"><span class='ocrx_word' id='word_1_71' title='bbox 98 2518 164 2594; x_wconf 85' lang='lat' dir='ltr'><strong>ipsa</strong></span> <span class='ocrx_word' id='word_1_72' title='bbox 178 2534 230 2596; x_wconf 85' lang='lat' dir='ltr'><strong>per</strong></span> <span class='ocrx_word' id='word_1_73' title='bbox 243 2535 276 2578; x_wconf 88' lang='lat' dir='ltr'><strong>so</strong></span> <span class='ocrx_word' id='word_1_74' title='bbox 290 2521 356 2596; x_wconf 66' lang='lat' dir='ltr'><strong>&#39;unsa</strong></span> <span class='ocrx_word' id='word_1_75' title='bbox 369 2516 560 2598; x_wconf 79' lang='lat' dir='ltr'><strong>intelligenda</strong></span> <span class='ocrx_word' id='word_1_76' title='bbox 573 2520 683 2579; x_wconf 87' lang='lat' dir='ltr'><strong>statuit.</strong></span> <span class='ocrx_word' id='word_1_77' title='bbox 705 2517 809 2596; x_wconf 86' lang='lat' dir='ltr'><strong>Itaque</strong></span> <span class='ocrx_word' id='word_1_78' title='bbox 825 2533 899 2595; x_wconf 84' lang='lat' dir='ltr'><strong>quae</strong></span> <span class='ocrx_word' id='word_1_79' title='bbox 914 2515 1001 2576; x_wconf 91' lang='lat' dir='ltr'><strong>modo</strong></span> <span class='ocrx_word' id='word_1_80' title='bbox 1015 2515 1120 2574; x_wconf 81' lang='lat' dir='ltr'><strong>rebus</strong></span> 
     </span>
     <span class='ocr_line' id='line_1_13' title="bbox 99 2620 1119 2700; baseline -0.003 -20"><span class='ocrx_word' id='word_1_81' title='bbox 99 2621 379 2700; x_wconf 83' lang='lat' dir='ltr'><strong>attuibutasuntjam</strong></span> <span class='ocrx_word' id='word_1_82' title='bbox 392 2625 577 2689; x_wconf 86' lang='lat' dir='ltr'><strong>notionum</strong></span> <span class='ocrx_word' id='word_1_83' title='bbox 591 2621 641 2682; x_wconf 89' lang='lat' dir='ltr'><strong>vol</strong></span> <span class='ocrx_word' id='word_1_84' title='bbox 655 2622 812 2682; x_wconf 82' lang='lat' dir='ltr'><strong>idearum</strong></span> <span class='ocrx_word' id='word_1_85' title='bbox 826 2623 957 2698; x_wconf 79' lang='lat' dir='ltr'><strong>spacium</strong></span> <span class='ocrx_word' id='word_1_86' title='bbox 968 2620 1119 2694; x_wconf 81' lang='lat' dir='ltr'><strong>accepisse</strong></span> 
     </span>
     <span class='ocr_line' id='line_1_14' title="bbox 99 2722 1120 2798; baseline -0.001 -17"><span class='ocrx_word' id='word_1_87' title='bbox 99 2724 241 2782; x_wconf 83' lang='lat' dir='ltr'><strong>videntur.</strong></span> <span class='ocrx_word' id='word_1_88' title='bbox 267 2723 350 2798; x_wconf 83' lang='lat' dir='ltr'><strong>Quae</strong></span> <span class='ocrx_word' id='word_1_89' title='bbox 365 2731 432 2784; x_wconf 86' lang='lat' dir='ltr'><strong>oum</strong></span> <span class='ocrx_word' id='word_1_90' title='bbox 446 2728 488 2784; x_wconf 86' lang='lat' dir='ltr'><strong>ita</strong></span> <span class='ocrx_word' id='word_1_91' title='bbox 503 2729 534 2784; x_wconf 89' lang='lat' dir='ltr'><strong>iu</strong></span> <span class='ocrx_word' id='word_1_92' title='bbox 548 2729 700 2785; x_wconf 90' lang='lat' dir='ltr'><strong>notionum</strong></span> <span class='ocrx_word' id='word_1_93' title='bbox 714 2725 822 2784; x_wconf 84' lang='lat' dir='ltr'><strong>formas</strong></span> <span class='ocrx_word' id='word_1_94' title='bbox 837 2725 896 2783; x_wconf 86' lang='lat' dir='ltr'><strong>siut</strong></span> <span class='ocrx_word' id='word_1_95' title='bbox 908 2722 1037 2797; x_wconf 77' lang='lat' dir='ltr'><strong>redacta,</strong></span> <span class='ocrx_word' id='word_1_96' title='bbox 1053 2738 1120 2786; x_wconf 76' lang='lat' dir='ltr'><strong>omn</strong></span> 
     </span>
     <span class='ocr_line' id='line_1_15' title="bbox 99 2825 1119 2906; baseline 0.003 -23"><span class='ocrx_word' id='word_1_97' title='bbox 99 2825 187 2886; x_wconf 85' lang='lat' dir='ltr'><strong>robus</strong></span> <span class='ocrx_word' id='word_1_98' title='bbox 202 2825 300 2886; x_wconf 72' lang='lat' dir='ltr'><strong>innuitis</strong></span> <span class='ocrx_word' id='word_1_99' title='bbox 314 2845 374 2886; x_wconf 89' lang='lat' dir='ltr'><strong>non</strong></span> <span class='ocrx_word' id='word_1_100' title='bbox 389 2844 454 2887; x_wconf 85' lang='lat' dir='ltr'><strong>asso</strong></span> <span class='ocrx_word' id='word_1_101' title='bbox 464 2828 619 2906; x_wconf 83' lang='lat' dir='ltr'><strong>conjuncta</strong></span> <span class='ocrx_word' id='word_1_102' title='bbox 632 2827 775 2903; x_wconf 79' lang='lat' dir='ltr'><strong>videntur,</strong></span> <span class='ocrx_word' id='word_1_103' title='bbox 790 2828 848 2886; x_wconf 88' lang='lat' dir='ltr'><strong>nisi</strong></span> <span class='ocrx_word' id='word_1_104' title='bbox 863 2827 1119 2886; x_wconf 80' lang='lat' dir='ltr'><strong>communionis</strong></span> 
     </span>
     <span class='ocr_line' id='line_1_16' title="bbox 99 2928 1118 3009; baseline 0.003 -22"><span class='ocrx_word' id='word_1_105' title='bbox 99 2928 217 2990; x_wconf 71' lang='lat' dir='ltr'><strong>uinculo</strong></span> <span class='ocrx_word' id='word_1_106' title='bbox 233 2930 371 3007; x_wconf 87' lang='lat' dir='ltr'><strong>quodam,</strong></span> <span class='ocrx_word' id='word_1_107' title='bbox 388 2948 445 3008; x_wconf 92' lang='lat' dir='ltr'><strong>quo</strong></span> <span class='ocrx_word' id='word_1_108' title='bbox 457 2929 891 3008; x_wconf 73' lang='lat' dir='ltr'><strong>quaautiqnomultuvooamus</strong></span> <span class='ocrx_word' id='word_1_109' title='bbox 905 2931 995 2991; x_wconf 80' lang='lat' dir='ltr'><strong>ideis</strong></span> <span class='ocrx_word' id='word_1_110' title='bbox 1006 2932 1118 3009; x_wconf 88' lang='lat' dir='ltr'><strong>parti·</strong></span> 
     </span>
     <span class='ocr_line' id='line_1_17' title="bbox 99 3021 1115 3114; baseline 0.001 -21"><span class='ocrx_word' id='word_1_111' title='bbox 99 3037 232 3112; x_wconf 86' lang='lat' dir='ltr'><strong>oipant.</strong></span> <span class='ocrx_word' id='word_1_112' title='bbox 257 3032 342 3109; x_wconf 84' lang='lat' dir='ltr'><strong>Quod</strong></span> <span class='ocrx_word' id='word_1_113' title='bbox 356 3036 382 3095; x_wconf 90' lang='lat' dir='ltr'><strong>si</strong></span> <span class='ocrx_word' id='word_1_114' title='bbox 396 3034 496 3112; x_wconf 88' lang='lat' dir='ltr'><strong>multa,</strong></span> <span class='ocrx_word' id='word_1_115' title='bbox 510 3021 578 3112; x_wconf 74' lang='lat' dir='ltr'><strong>qula</strong></span> <span class='ocrx_word' id='word_1_116' title='bbox 593 3035 783 3096; x_wconf 85' lang='lat' dir='ltr'><strong>similitudino</strong></span> <span class='ocrx_word' id='word_1_117' title='bbox 797 3035 982 3114; x_wconf 85' lang='lat' dir='ltr'><strong>participant,</strong></span> <span class='ocrx_word' id='word_1_118' title='bbox 999 3033 1115 3112; x_wconf 78' lang='lat' dir='ltr'><strong>sinilia,</strong></span> 
     </span>
     <span class='ocr_line' id='line_1_18' title="bbox 100 3137 1118 3226; baseline 0.002 -30"><span class='ocrx_word' id='word_1_119' title='bbox 100 3141 168 3213; x_wconf 87' lang='lat' dir='ltr'><strong>quia</strong></span> <span class='ocrx_word' id='word_1_120' title='bbox 179 3137 412 3212; x_wconf 79' lang='lat' dir='ltr'><strong>dissimilitudine</strong></span> <span class='ocrx_word' id='word_1_121' title='bbox 426 3139 586 3216; x_wconf 77' lang='lat' dir='ltr'><strong>dissimilia,</strong></span> <span class='ocrx_word' id='word_1_122' title='bbox 603 3143 671 3219; x_wconf 84' lang='lat' dir='ltr'><strong>quia</strong></span> <span class='ocrx_word' id='word_1_123' title='bbox 685 3146 871 3216; x_wconf 81' lang='lat' dir='ltr'><strong>utrorumque</strong></span> <span class='ocrx_word' id='word_1_124' title='bbox 883 3141 1038 3220; x_wconf 82' lang='lat' dir='ltr'><strong>participia</strong></span> <span class='ocrx_word' id='word_1_125' title='bbox 1050 3146 1118 3226; x_wconf 87' lang='lat' dir='ltr'><strong>sunt</strong></span> 
     </span>
     <span class='ocr_line' id='line_1_19' title="bbox 99 3241 1220 3326; baseline 0.005 -28"><span class='ocrx_word' id='word_1_126' title='bbox 99 3241 207 3310; x_wconf 85' lang='lat' dir='ltr'><strong>similia</strong></span> <span class='ocrx_word' id='word_1_127' title='bbox 229 3247 257 3300; x_wconf 88' lang='lat' dir='ltr'><strong>ot</strong></span> <span class='ocrx_word' id='word_1_128' title='bbox 280 3243 431 3326; x_wconf 86' lang='lat' dir='ltr'><strong>dissimilia</strong></span> <span class='ocrx_word' id='word_1_129' title='bbox 452 3247 527 3305; x_wconf 83' lang='lat' dir='ltr'><strong>inter</strong></span> <span class='ocrx_word' id='word_1_130' title='bbox 548 3261 613 3314; x_wconf 84' lang='lat' dir='ltr'><strong>soso</strong></span> <span class='ocrx_word' id='word_1_131' title='bbox 627 3251 704 3322; x_wconf 87' lang='lat' dir='ltr'><strong>sunt,</strong></span> <span class='ocrx_word' id='word_1_132' title='bbox 724 3243 788 3324; x_wconf 87' lang='lat' dir='ltr'><strong>jam</strong></span> <span class='ocrx_word' id='word_1_133' title='bbox 801 3241 874 3312; x_wconf 86' lang='lat' dir='ltr'><strong>nihil</strong></span> <span class='ocrx_word' id='word_1_134' title='bbox 890 3249 944 3320; x_wconf 86' lang='lat' dir='ltr'><strong>est,</strong></span> <span class='ocrx_word' id='word_1_135' title='bbox 968 3243 1045 3321; x_wconf 90' lang='lat' dir='ltr'><strong>quod</strong></span> <span class='ocrx_word' id='word_1_136' title='bbox 1060 3244 1116 3304; x_wconf 88' lang='lat' dir='ltr'><strong>sibl</strong></span> <span class='ocrx_word' id='word_1_137' title='bbox 1216 3261 1220 3272; x_wconf 64' lang='lat'><strong>⁴</strong></span> 
     </span>
     <span class='ocr_line' id='line_1_20' title="bbox 98 3339 475 3434; baseline 0.008 -28"><span class='ocrx_word' id='word_1_138' title='bbox 98 3361 260 3434; x_wconf 79' lang='lat' dir='ltr'><strong>repugnare</strong></span> <span class='ocrx_word' id='word_1_139' title='bbox 275 3339 475 3410; x_wconf 62' lang='lat' dir='ltr'><strong>uideantur.1⁴</strong></span> 
     </span>
    </p>
   </div>
   <div class='ocr_carea' id='block_1_4' title="bbox 99 3497 304 3516">
    <p class='ocr_par' dir='ltr' id='par_1_4' title="bbox 99 3497 304 3516">
     <span class='ocr_line' id='line_1_21' title="bbox 99 3497 304 3516; baseline 0.01 -2"><span class='ocrx_word' id='word_1_140' title='bbox 99 3497 304 3516; x_wconf 54' lang='grc' dir='ltr'><strong>-ι--ι-ι-ἡ-</strong></span> 
     </span>
    </p>
   </div>
   <div class='ocr_carea' id='block_1_5' title="bbox 46 3586 1115 3942">
    <p class='ocr_par' dir='ltr' id='par_1_5' title="bbox 57 3586 1115 3682">
     <span class='ocr_line' id='line_1_22' title="bbox 57 3586 1115 3682; baseline 0.005 -27"><span class='ocrx_word' id='word_1_141' title='bbox 57 3617 84 3669; x_wconf 88' lang='lat' dir='ltr'><strong>p.</strong></span> <span class='ocrx_word' id='word_1_142' title='bbox 121 3653 124 3673; x_wconf 65' lang='grc'><strong>,</strong></span> <span class='ocrx_word' id='word_1_143' title='bbox 148 3599 159 3634; x_wconf 91' lang='lat'><strong>¹</strong></span> <span class='ocrx_word' id='word_1_144' title='bbox 185 3586 1115 3682; x_wconf 71' lang='grc' dir='ltr'><strong>τοὶμὲντῆςὁμοιοίητοςμεταλαμβοὶνοντᾳὅμοιαγίγνεσθαι</strong></span> 
     </span>
    </p>

    <p class='ocr_par' dir='ltr' id='par_1_6' title="bbox 46 3668 1114 3790">
     <span class='ocr_line' id='line_1_23' title="bbox 46 3668 1114 3790; baseline 0.004 -49"><span class='ocrx_word' id='word_1_145' title='bbox 46 3668 102 3790; x_wconf 61' lang='grc' dir='ltr'><strong>1Ξ9</strong></span> <span class='ocrx_word' id='word_1_146' title='bbox 186 3678 290 3768; x_wconf 71' lang='grc' dir='ltr'><strong><em>ταυ’τῃ</em></strong></span> <span class='ocrx_word' id='word_1_147' title='bbox 310 3703 346 3744; x_wconf 80' lang='grc' dir='ltr'><strong>τε</strong></span> <span class='ocrx_word' id='word_1_148' title='bbox 366 3679 521 3752; x_wconf 52' lang='lat' dir='ltr'><strong>naham&amp;</strong></span> <span class='ocrx_word' id='word_1_149' title='bbox 540 3682 679 3746; x_wconf 76' lang='grc' dir='ltr'><strong><em>τοσεῖτον</em></strong></span> <span class='ocrx_word' id='word_1_150' title='bbox 701 3675 783 3746; x_wconf 75' lang='grc' dir='ltr'><strong><em>ὅσον</em></strong></span> <span class='ocrx_word' id='word_1_151' title='bbox 805 3677 850 3748; x_wconf 71' lang='grc' dir='ltr'><strong>ἄν</strong></span> <span class='ocrx_word' id='word_1_152' title='bbox 870 3680 1114 3766; x_wconf 64' lang='grc' dir='ltr'><strong>μεταλαμβάνοι</strong></span> 
     </span>
    </p>

    <p class='ocr_par' dir='ltr' id='par_1_7' title="bbox 86 3763 1112 3942">
     <span class='ocr_line' id='line_1_24' title="bbox 86 3763 1112 3876; baseline 0.004 -45"><span class='ocrx_word' id='word_1_153' title='bbox 86 3777 92 3790; x_wconf 85' lang='grc'>·</span> <span class='ocrx_word' id='word_1_154' title='bbox 187 3763 230 3872; x_wconf 42' lang='lat' dir='ltr'><strong>‘&#39;i“</strong></span> <span class='ocrx_word' id='word_1_155' title='bbox 263 3769 299 3876; x_wconf 69' lang='lat' dir='ltr'><strong>dt</strong></span> <span class='ocrx_word' id='word_1_156' title='bbox 327 3764 552 3855; x_wconf 52' lang='grc' dir='ltr'><strong>ἀνομοιότητος</strong></span> <span class='ocrx_word' id='word_1_157' title='bbox 579 3768 738 3852; x_wconf 77' lang='grc' dir='ltr'><strong><em>α’νόμοια,</em></strong></span> <span class='ocrx_word' id='word_1_158' title='bbox 776 3767 822 3834; x_wconf 72' lang='grc' dir='ltr'><strong>τοὶ</strong></span> <span class='ocrx_word' id='word_1_159' title='bbox 850 3771 887 3832; x_wconf 80' lang='grc' dir='ltr'><strong>δὲ</strong></span> <span class='ocrx_word' id='word_1_160' title='bbox 920 3766 1112 3856; x_wconf 65' lang='lat' dir='ltr'><strong>cinomiam</strong></span> 
     </span>
     <span class='ocr_line' id='line_1_25' title="bbox 182 3876 363 3942; baseline 0.011 -26"><span class='ocrx_word' id='word_1_161' title='bbox 182 3876 363 3942; x_wconf 59' lang='lat' dir='ltr'><strong>adgnoscam</strong></span> 
     </span>
    </p>
   </div>
   <div class='ocr_carea' id='block_1_6' title="bbox 0 0 1356 4560">
    <p class='ocr_par' dir='ltr' id='par_1_8' title="bbox 0 0 1356 4560">
     <span class='ocr_line' id='line_1_26' title="bbox 0 0 1356 4560; baseline 0 3"><span class='ocrx_word' id='word_1_162' title='bbox 0 0 1356 4560; x_wconf 95' lang='lat' dir='ltr'><strong> </strong></span> 
     </span>
    </p>
   </div>
  </div>
 </body>
</html>
