<?xml version="1.0" encoding="UTF-8"?>
<!DOCTYPE html PUBLIC "-//W3C//DTD XHTML 1.0 Transitional//EN"
    "http://www.w3.org/TR/xhtml1/DTD/xhtml1-transitional.dtd">
<html xmlns="http://www.w3.org/1999/xhtml" xml:lang="en" lang="en">
 <head>
  <title>
</title>
<meta http-equiv="Content-Type" content="text/html;charset=utf-8" />
  <meta name='ocr-system' content='tesseract 3.04.00' />
  <meta name='ocr-capabilities' content='ocr_page ocr_carea ocr_par ocr_line ocrx_word'/>
</head>
<body>
  <div class='ocr_page' id='page_1' title='image "./deparmenideplat00fiscgoog_0088.png"; bbox 0 0 2704 4560; ppageno 0'>
   <div class='ocr_carea' id='block_1_1' title="bbox 621 398 667 475">
    <p class='ocr_par' dir='ltr' id='par_1_1' title="bbox 621 398 667 475">
     <span class='ocr_line' id='line_1_1' title="bbox 621 398 667 475; baseline -0.022 0"><span class='ocrx_word' id='word_1_1' title='bbox 621 398 667 475; x_wconf 82' lang='grc'><strong>77</strong></span> 
     </span>
    </p>
   </div>
   <div class='ocr_carea' id='block_1_2' title="bbox 126 550 1161 773">
    <p class='ocr_par' dir='ltr' id='par_1_2' title="bbox 126 550 1161 773">
     <span class='ocr_line' id='line_1_2' title="bbox 192 550 1161 666; baseline -0.024 -13"><span class='ocrx_word' id='word_1_2' title='bbox 192 585 292 655; x_wconf 83' lang='lat' dir='ltr'><strong>Unde</strong></span> <span class='ocrx_word' id='word_1_3' title='bbox 315 582 503 666; x_wconf 84' lang='lat' dir='ltr'><strong>sequitur,</strong></span> <span class='ocrx_word' id='word_1_4' title='bbox 528 595 567 647; x_wconf 87' lang='lat' dir='ltr'><strong>nt</strong></span> <span class='ocrx_word' id='word_1_5' title='bbox 588 583 710 664; x_wconf 79' lang='lat' dir='ltr'><strong>mults,</strong></span> <span class='ocrx_word' id='word_1_6' title='bbox 734 581 864 664; x_wconf 88' lang='lat' dir='ltr'><strong>quibus</strong></span> <span class='ocrx_word' id='word_1_7' title='bbox 879 550 997 644; x_wconf 61' lang='lat' dir='ltr'><strong>‘nnunr</strong></span> <span class='ocrx_word' id='word_1_8' title='bbox 1020 569 1161 639; x_wconf 87' lang='lat' dir='ltr'><strong>omuino</strong></span> 
     </span>
     <span class='ocr_line' id='line_1_3' title="bbox 126 691 1068 773; baseline -0.014 -15"><span class='ocrx_word' id='word_1_9' title='bbox 126 700 240 773; x_wconf 81' lang='lat' dir='ltr'>desit,</span> <span class='ocrx_word' id='word_1_10' title='bbox 268 713 386 773; x_wconf 90' lang='lat' dir='ltr'><strong>neque</strong></span> <span class='ocrx_word' id='word_1_11' title='bbox 407 694 517 753; x_wconf 85' lang='lat' dir='ltr'><strong>multa</strong></span> <span class='ocrx_word' id='word_1_12' title='bbox 543 695 631 769; x_wconf 88' lang='lat' dir='ltr'><strong>sint,</strong></span> <span class='ocrx_word' id='word_1_13' title='bbox 657 708 774 769; x_wconf 89' lang='lat' dir='ltr'><strong>neque</strong></span> <span class='ocrx_word' id='word_1_14' title='bbox 800 693 883 769; x_wconf 88' lang='lat' dir='ltr'><strong>ipsa</strong></span> <span class='ocrx_word' id='word_1_15' title='bbox 905 691 988 750; x_wconf 89' lang='lat' dir='ltr'><strong>sint.</strong></span> <span class='ocrx_word' id='word_1_16' title='bbox 1067 717 1068 724; x_wconf 22' lang='grc' dir='ltr'><strong>κ</strong></span> 
     </span>
    </p>
   </div>
   <div class='ocr_carea' id='block_1_3' title="bbox 541 917 751 928">
    <p class='ocr_par' dir='ltr' id='par_1_3' title="bbox 541 917 751 928">
     <span class='ocr_line' id='line_1_4' title="bbox 541 917 751 928; baseline 0 0"><span class='ocrx_word' id='word_1_17' title='bbox 541 917 751 928; x_wconf 67' lang='grc' dir='ltr'><strong>ιι-ι--ι-ι-ι-οη-ι</strong></span> 
     </span>
    </p>
   </div>
   <div class='ocr_carea' id='block_1_4' title="bbox 105 1074 1169 3337">
    <p class='ocr_par' dir='ltr' id='par_1_4' title="bbox 128 1074 1164 1579">
     <span class='ocr_line' id='line_1_5' title="bbox 194 1074 1162 1162; baseline -0.011 -17"><span class='ocrx_word' id='word_1_18' title='bbox 194 1085 240 1144; x_wconf 83' lang='lat' dir='ltr'><strong>Ex</strong></span> <span class='ocrx_word' id='word_1_19' title='bbox 260 1083 317 1145; x_wconf 88' lang='lat' dir='ltr'><strong>hac</strong></span> <span class='ocrx_word' id='word_1_20' title='bbox 338 1085 427 1162; x_wconf 88' lang='lat' dir='ltr'><strong>igitur</strong></span> <span class='ocrx_word' id='word_1_21' title='bbox 449 1083 611 1144; x_wconf 81' lang='lat' dir='ltr'>antinomia</span> <span class='ocrx_word' id='word_1_22' title='bbox 631 1078 780 1158; x_wconf 76' lang='lat' dir='ltr'><strong>sequitu,</strong></span> <span class='ocrx_word' id='word_1_23' title='bbox 807 1096 898 1158; x_wconf 78' lang='lat' dir='ltr'><strong>urruur</strong></span> <span class='ocrx_word' id='word_1_24' title='bbox 932 1079 958 1137; x_wconf 94' lang='lat' dir='ltr'><strong>si</strong></span> <span class='ocrx_word' id='word_1_25' title='bbox 986 1079 1041 1152; x_wconf 88' lang='lat' dir='ltr'><strong>sit,</strong></span> <span class='ocrx_word' id='word_1_26' title='bbox 1072 1074 1162 1148; x_wconf 88' lang='lat' dir='ltr'><strong>alia,</strong></span> 
     </span>
     <span class='ocr_line' id='line_1_6' title="bbox 130 1179 1164 1265; baseline -0.011 -17"><span class='ocrx_word' id='word_1_27' title='bbox 130 1179 472 1265; x_wconf 50' lang='lat' dir='ltr'><strong>quatenus&#39;quidam</strong></span> <span class='ocrx_word' id='word_1_28' title='bbox 493 1202 565 1245; x_wconf 88' lang='lat' dir='ltr'><strong>uuo</strong></span> <span class='ocrx_word' id='word_1_29' title='bbox 586 1187 822 1264; x_wconf 81' lang='lat' dir='ltr'><strong>participent,</strong></span> <span class='ocrx_word' id='word_1_30' title='bbox 847 1197 942 1258; x_wconf 85' lang='lat' dir='ltr'><strong>esse,</strong></span> <span class='ocrx_word' id='word_1_31' title='bbox 969 1186 1164 1256; x_wconf 86' lang='lat' dir='ltr'><strong>quatenus</strong></span> 
     </span>
     <span class='ocr_line' id='line_1_7' title="bbox 129 1281 1163 1372; baseline -0.011 -20"><span class='ocrx_word' id='word_1_32' title='bbox 129 1299 248 1352; x_wconf 89' lang='lat' dir='ltr'><strong>autem</strong></span> <span class='ocrx_word' id='word_1_33' title='bbox 270 1313 373 1354; x_wconf 88' lang='lat' dir='ltr'><strong>unum</strong></span> <span class='ocrx_word' id='word_1_34' title='bbox 396 1314 414 1354; x_wconf 87' lang='lat' dir='ltr'><strong>a</strong></span> <span class='ocrx_word' id='word_1_35' title='bbox 436 1312 472 1353; x_wconf 90' lang='lat' dir='ltr'><strong>se</strong></span> <span class='ocrx_word' id='word_1_36' title='bbox 495 1289 723 1372; x_wconf 81' lang='lat' dir='ltr'><strong>prohibeant,</strong></span> <span class='ocrx_word' id='word_1_37' title='bbox 741 1288 880 1346; x_wconf 88' lang='lat' dir='ltr'><strong>omnino</strong></span> <span class='ocrx_word' id='word_1_38' title='bbox 896 1303 966 1344; x_wconf 90' lang='lat' dir='ltr'><strong>non</strong></span> <span class='ocrx_word' id='word_1_39' title='bbox 988 1300 1076 1344; x_wconf 87' lang='lat' dir='ltr'><strong>esse.</strong></span> <span class='ocrx_word' id='word_1_40' title='bbox 1101 1281 1163 1343; x_wconf 87' lang='lat' dir='ltr'><strong>Ita-</strong></span> 
     </span>
     <span class='ocr_line' id='line_1_8' title="bbox 130 1388 1163 1474; baseline -0.012 -18"><span class='ocrx_word' id='word_1_41' title='bbox 130 1415 186 1474; x_wconf 87' lang='lat' dir='ltr'><strong>que</strong></span> <span class='ocrx_word' id='word_1_42' title='bbox 213 1397 327 1474; x_wconf 83' lang='lat' dir='ltr'><strong>nnultis,</strong></span> <span class='ocrx_word' id='word_1_43' title='bbox 351 1401 376 1458; x_wconf 92' lang='lat' dir='ltr'><strong>si</strong></span> <span class='ocrx_word' id='word_1_44' title='bbox 398 1388 489 1456; x_wconf 87' lang='lat' dir='ltr'><strong>unum</strong></span> <span class='ocrx_word' id='word_1_45' title='bbox 515 1396 601 1470; x_wconf 84' lang='lat' dir='ltr'><strong>adsit,</strong></span> <span class='ocrx_word' id='word_1_46' title='bbox 633 1394 762 1471; x_wconf 82' lang='lat' dir='ltr'><strong>essentia</strong></span> <span class='ocrx_word' id='word_1_47' title='bbox 783 1388 978 1462; x_wconf 86' lang='lat' dir='ltr'><strong>attribuenda,</strong></span> <span class='ocrx_word' id='word_1_48' title='bbox 1009 1389 1163 1461; x_wconf 87' lang='lat' dir='ltr'><strong>siminus,</strong></span> 
     </span>
     <span class='ocr_line' id='line_1_9' title="bbox 128 1500 775 1579; baseline -0.009 -19"><span class='ocrx_word' id='word_1_49' title='bbox 128 1501 217 1579; x_wconf 86' lang='lat' dir='ltr'><strong>plane</strong></span> <span class='ocrx_word' id='word_1_50' title='bbox 240 1502 408 1578; x_wconf 84' lang='lat' dir='ltr'><strong>abroganda</strong></span> <span class='ocrx_word' id='word_1_51' title='bbox 430 1517 496 1560; x_wconf 86' lang='lat' dir='ltr'><strong>esse</strong></span> <span class='ocrx_word' id='word_1_52' title='bbox 522 1500 647 1558; x_wconf 88' lang='lat' dir='ltr'><strong>videtur.</strong></span> <span class='ocrx_word' id='word_1_53' title='bbox 773 1569 775 1574; x_wconf 15' lang='grc' dir='ltr'><strong><em>Α</em></strong></span> 
     </span>
    </p>

    <p class='ocr_par' dir='ltr' id='par_1_5' title="bbox 129 1593 1166 1992">
     <span class='ocr_line' id='line_1_10' title="bbox 195 1593 1166 1680; baseline -0.013 -14"><span class='ocrx_word' id='word_1_54' title='bbox 195 1605 272 1666; x_wconf 88' lang='lat' dir='ltr'><strong>Turn</strong></span> <span class='ocrx_word' id='word_1_55' title='bbox 293 1621 363 1666; x_wconf 86' lang='lat' dir='ltr'><strong>vcro</strong></span> <span class='ocrx_word' id='word_1_56' title='bbox 386 1603 495 1679; x_wconf 81' lang='lat' dir='ltr'><strong>rnurlta,</strong></span> <span class='ocrx_word' id='word_1_57' title='bbox 527 1604 665 1680; x_wconf 83' lang='lat' dir='ltr'><strong>quoniam</strong></span> <span class='ocrx_word' id='word_1_58' title='bbox 687 1599 801 1660; x_wconf 86' lang='lat' dir='ltr'><strong>infinita</strong></span> <span class='ocrx_word' id='word_1_59' title='bbox 829 1600 940 1678; x_wconf 88' lang='lat' dir='ltr'><strong>pariter</strong></span> <span class='ocrx_word' id='word_1_60' title='bbox 968 1602 1057 1673; x_wconf 87' lang='lat' dir='ltr'><strong>atque</strong></span> <span class='ocrx_word' id='word_1_61' title='bbox 1082 1593 1166 1654; x_wconf 89' lang='lat' dir='ltr'><strong>finita</strong></span> 
     </span>
     <span class='ocr_line' id='line_1_11' title="bbox 129 1701 1163 1785; baseline -0.01 -17"><span class='ocrx_word' id='word_1_62' title='bbox 129 1715 206 1785; x_wconf 90' lang='lat' dir='ltr'><strong>sunt,</strong></span> <span class='ocrx_word' id='word_1_63' title='bbox 238 1712 268 1768; x_wconf 92' lang='lat' dir='ltr'><strong>in</strong></span> <span class='ocrx_word' id='word_1_64' title='bbox 294 1710 456 1768; x_wconf 89' lang='lat' dir='ltr'><strong>contrarias</strong></span> <span class='ocrx_word' id='word_1_65' title='bbox 483 1714 668 1767; x_wconf 83' lang='lat' dir='ltr'><strong>externarum</strong></span> <span class='ocrx_word' id='word_1_66' title='bbox 697 1721 795 1762; x_wconf 90' lang='lat' dir='ltr'><strong>rerum</strong></span> <span class='ocrx_word' id='word_1_67' title='bbox 824 1709 924 1780; x_wconf 88' lang='lat' dir='ltr'><strong>partes</strong></span> <span class='ocrx_word' id='word_1_68' title='bbox 954 1701 1163 1778; x_wconf 82' lang='lat' dir='ltr'><strong>digrediuntur.</strong></span> 
     </span>
     <span class='ocr_line' id='line_1_12' title="bbox 130 1802 1165 1888; baseline -0.014 -16"><span class='ocrx_word' id='word_1_69' title='bbox 130 1812 163 1872; x_wconf 85' lang='lat' dir='ltr'><strong>Si</strong></span> <span class='ocrx_word' id='word_1_70' title='bbox 186 1819 284 1873; x_wconf 86' lang='lat' dir='ltr'><strong>autem</strong></span> <span class='ocrx_word' id='word_1_71' title='bbox 307 1816 394 1874; x_wconf 77' lang='lat' dir='ltr'><strong>eunius</strong></span> <span class='ocrx_word' id='word_1_72' title='bbox 415 1814 462 1872; x_wconf 88' lang='lat' dir='ltr'><strong>vis</strong></span> <span class='ocrx_word' id='word_1_73' title='bbox 484 1819 572 1888; x_wconf 87' lang='lat' dir='ltr'><strong>atque</strong></span> <span class='ocrx_word' id='word_1_74' title='bbox 595 1815 700 1868; x_wconf 88' lang='lat' dir='ltr'><strong>natura</strong></span> <span class='ocrx_word' id='word_1_75' title='bbox 721 1806 794 1866; x_wconf 90' lang='lat' dir='ltr'><strong>nihil</strong></span> <span class='ocrx_word' id='word_1_76' title='bbox 806 1805 930 1866; x_wconf 82' lang='lat' dir='ltr'><strong>valetin</strong></span> <span class='ocrx_word' id='word_1_77' title='bbox 951 1803 1062 1880; x_wconf 91' lang='lat' dir='ltr'><strong>multis,</strong></span> <span class='ocrx_word' id='word_1_78' title='bbox 1087 1802 1165 1864; x_wconf 88' lang='lat' dir='ltr'><strong>rnul-</strong></span> 
     </span>
     <span class='ocr_line' id='line_1_13' title="bbox 130 1913 752 1992; baseline -0.008 -17"><span class='ocrx_word' id='word_1_79' title='bbox 130 1924 228 1976; x_wconf 87' lang='lat' dir='ltr'><strong>torum</strong></span> <span class='ocrx_word' id='word_1_80' title='bbox 249 1921 331 1978; x_wconf 90' lang='lat' dir='ltr'><strong>notio</strong></span> <span class='ocrx_word' id='word_1_81' title='bbox 355 1919 474 1982; x_wconf 86' lang='lat' dir='ltr'><strong>omnino</strong></span> <span class='ocrx_word' id='word_1_82' title='bbox 497 1916 621 1992; x_wconf 90' lang='lat' dir='ltr'><strong>cogitari</strong></span> <span class='ocrx_word' id='word_1_83' title='bbox 640 1913 752 1988; x_wconf 88' lang='lat' dir='ltr'><strong>nequit.</strong></span> 
     </span>
    </p>

    <p class='ocr_par' dir='ltr' id='par_1_6' title="bbox 131 2008 1166 2282">
     <span class='ocr_line' id='line_1_14' title="bbox 194 2008 1166 2096; baseline -0.008 -19"><span class='ocrx_word' id='word_1_84' title='bbox 194 2020 303 2096; x_wconf 86' lang='lat' dir='ltr'><strong>Ergo,</strong></span> <span class='ocrx_word' id='word_1_85' title='bbox 326 2023 358 2080; x_wconf 90' lang='lat' dir='ltr'><strong>si</strong></span> <span class='ocrx_word' id='word_1_86' title='bbox 379 2039 487 2083; x_wconf 81' lang='lat' dir='ltr'><strong>rrnurn</strong></span> <span class='ocrx_word' id='word_1_87' title='bbox 510 2025 579 2094; x_wconf 88' lang='lat' dir='ltr'><strong>est,</strong></span> <span class='ocrx_word' id='word_1_88' title='bbox 601 2018 670 2077; x_wconf 93' lang='lat' dir='ltr'><strong>hoc</strong></span> <span class='ocrx_word' id='word_1_89' title='bbox 693 2014 833 2092; x_wconf 88' lang='lat' dir='ltr'><strong>quidem</strong></span> <span class='ocrx_word' id='word_1_90' title='bbox 866 2020 905 2073; x_wconf 89' lang='lat' dir='ltr'><strong>ct</strong></span> <span class='ocrx_word' id='word_1_91' title='bbox 933 2014 995 2072; x_wconf 90' lang='lat' dir='ltr'><strong>uni</strong></span> <span class='ocrx_word' id='word_1_92' title='bbox 1023 2017 1059 2070; x_wconf 88' lang='lat' dir='ltr'><strong>et</strong></span> <span class='ocrx_word' id='word_1_93' title='bbox 1080 2008 1166 2070; x_wconf 88' lang='lat' dir='ltr'><strong>aliis</strong></span> 
     </span>
     <span class='ocr_line' id='line_1_15' title="bbox 132 2115 1166 2198; baseline -0.008 -17"><span class='ocrx_word' id='word_1_94' title='bbox 132 2124 320 2198; x_wconf 90' lang='lat' dir='ltr'><strong>contingit,</strong></span> <span class='ocrx_word' id='word_1_95' title='bbox 348 2129 386 2180; x_wconf 90' lang='lat' dir='ltr'><strong>ut</strong></span> <span class='ocrx_word' id='word_1_96' title='bbox 410 2128 483 2181; x_wconf 91' lang='lat' dir='ltr'><strong>turn</strong></span> <span class='ocrx_word' id='word_1_97' title='bbox 509 2123 625 2181; x_wconf 89' lang='lat' dir='ltr'><strong>omnia</strong></span> <span class='ocrx_word' id='word_1_98' title='bbox 646 2121 744 2194; x_wconf 88' lang='lat' dir='ltr'><strong>sint,</strong></span> <span class='ocrx_word' id='word_1_99' title='bbox 769 2124 845 2177; x_wconf 89' lang='lat' dir='ltr'><strong>tum</strong></span> <span class='ocrx_word' id='word_1_100' title='bbox 873 2115 1001 2184; x_wconf 62' lang='lat' dir='ltr'><strong>nihili,</strong></span> <span class='ocrx_word' id='word_1_101' title='bbox 1021 2117 1166 2175; x_wconf 85' lang='lat' dir='ltr'><strong>existi-</strong></span> 
     </span>
     <span class='ocr_line' id='line_1_16' title="bbox 131 2231 276 2282; baseline 0 0"><span class='ocrx_word' id='word_1_102' title='bbox 131 2231 276 2282; x_wconf 83' lang='lat' dir='ltr'><strong>urentur.</strong></span> 
     </span>
    </p>

    <p class='ocr_par' dir='ltr' id='par_1_7' title="bbox 132 2322 1168 2508">
     <span class='ocr_line' id='line_1_17' title="bbox 196 2322 1168 2403; baseline -0.004 -19"><span class='ocrx_word' id='word_1_103' title='bbox 196 2325 301 2403; x_wconf 87' lang='lat' dir='ltr'><strong>Ergo,</strong></span> <span class='ocrx_word' id='word_1_104' title='bbox 325 2329 359 2386; x_wconf 89' lang='lat' dir='ltr'><strong>si</strong></span> <span class='ocrx_word' id='word_1_105' title='bbox 381 2345 492 2388; x_wconf 86' lang='lat' dir='ltr'><strong>unum</strong></span> <span class='ocrx_word' id='word_1_106' title='bbox 514 2333 578 2402; x_wconf 91' lang='lat' dir='ltr'><strong>cst,</strong></span> <span class='ocrx_word' id='word_1_107' title='bbox 602 2328 662 2386; x_wconf 88' lang='lat' dir='ltr'><strong>uni</strong></span> <span class='ocrx_word' id='word_1_108' title='bbox 685 2332 721 2386; x_wconf 90' lang='lat' dir='ltr'><strong>et</strong></span> <span class='ocrx_word' id='word_1_109' title='bbox 742 2324 830 2385; x_wconf 90' lang='lat' dir='ltr'><strong>aliis</strong></span> <span class='ocrx_word' id='word_1_110' title='bbox 846 2343 964 2386; x_wconf 87' lang='lat' dir='ltr'><strong>rerum</strong></span> <span class='ocrx_word' id='word_1_111' title='bbox 986 2322 1168 2384; x_wconf 88' lang='lat' dir='ltr'><strong>attributa</strong></span> 
     </span>
     <span class='ocr_line' id='line_1_18' title="bbox 132 2428 1166 2508; baseline -0.001 -22"><span class='ocrx_word' id='word_1_112' title='bbox 132 2433 207 2488; x_wconf 89' lang='lat' dir='ltr'><strong>tum</strong></span> <span class='ocrx_word' id='word_1_113' title='bbox 243 2431 485 2508; x_wconf 85' lang='lat' dir='ltr'><strong>assignanda,</strong></span> <span class='ocrx_word' id='word_1_114' title='bbox 527 2437 600 2490; x_wconf 87' lang='lat' dir='ltr'><strong>turn</strong></span> <span class='ocrx_word' id='word_1_115' title='bbox 631 2431 842 2508; x_wconf 83' lang='lat' dir='ltr'><strong>abroganda</strong></span> <span class='ocrx_word' id='word_1_116' title='bbox 875 2447 956 2495; x_wconf 83' lang='lat' dir='ltr'><strong>esse</strong></span> <span class='ocrx_word' id='word_1_117' title='bbox 989 2428 1166 2488; x_wconf 83' lang='lat' dir='ltr'><strong>videntur.</strong></span> 
     </span>
    </p>

    <p class='ocr_par' dir='ltr' id='par_1_8' title="bbox 105 2531 1168 2714">
     <span class='ocr_line' id='line_1_19' title="bbox 105 2531 1168 2618; baseline -0.003 -24"><span class='ocrx_word' id='word_1_118' title='bbox 105 2531 229 2602; x_wconf 52' lang='lat' dir='ltr'><strong>XUnum</strong></span> <span class='ocrx_word' id='word_1_119' title='bbox 243 2541 294 2594; x_wconf 90' lang='lat' dir='ltr'><strong>aut</strong></span> <span class='ocrx_word' id='word_1_120' title='bbox 308 2552 407 2594; x_wconf 86' lang='lat' dir='ltr'><strong>rerum</strong></span> <span class='ocrx_word' id='word_1_121' title='bbox 422 2537 568 2594; x_wconf 89' lang='lat' dir='ltr'><strong>contraria</strong></span> <span class='ocrx_word' id='word_1_122' title='bbox 587 2537 706 2613; x_wconf 78' lang='lat' dir='ltr'><strong>patitru,</strong></span> <span class='ocrx_word' id='word_1_123' title='bbox 730 2533 879 2618; x_wconf 19' lang='lat' dir='ltr'><strong>autsnihili</strong></span> <span class='ocrx_word' id='word_1_124' title='bbox 895 2536 1087 2596; x_wconf 82' lang='lat' dir='ltr'><strong>existiruatur.</strong></span> <span class='ocrx_word' id='word_1_125' title='bbox 1110 2532 1168 2592; x_wconf 88' lang='lat' dir='ltr'><strong>At-</strong></span> 
     </span>
     <span class='ocr_line' id='line_1_20' title="bbox 131 2637 591 2714; baseline 0.007 -20"><span class='ocrx_word' id='word_1_126' title='bbox 131 2653 196 2713; x_wconf 81' lang='lat' dir='ltr'><strong>que·</strong></span> <span class='ocrx_word' id='word_1_127' title='bbox 210 2639 289 2696; x_wconf 87' lang='lat' dir='ltr'><strong>idern</strong></span> <span class='ocrx_word' id='word_1_128' title='bbox 312 2641 456 2714; x_wconf 86' lang='lat' dir='ltr'><strong>contingit</strong></span> <span class='ocrx_word' id='word_1_129' title='bbox 476 2637 552 2698; x_wconf 81' lang='lat' dir='ltr'><strong>allia.</strong></span> <span class='ocrx_word' id='word_1_130' title='bbox 564 2638 591 2673; x_wconf 78' lang='lat'><strong>¹⁰</strong></span> 
     </span>
    </p>

    <p class='ocr_par' dir='ltr' id='par_1_9' title="bbox 130 2738 1169 3337">
     <span class='ocr_line' id='line_1_21' title="bbox 197 2738 1168 2829; baseline 0 -29"><span class='ocrx_word' id='word_1_131' title='bbox 197 2738 281 2814; x_wconf 82' lang='lat' dir='ltr'><strong>Quae</strong></span> <span class='ocrx_word' id='word_1_132' title='bbox 303 2742 518 2816; x_wconf 82' lang='lat' dir='ltr'><strong>argumentatio</strong></span> <span class='ocrx_word' id='word_1_133' title='bbox 533 2757 609 2829; x_wconf 81' lang='lat' dir='ltr'><strong>¹curn</strong></span> <span class='ocrx_word' id='word_1_134' title='bbox 631 2739 689 2799; x_wconf 87' lang='lat' dir='ltr'><strong>sibi</strong></span> <span class='ocrx_word' id='word_1_135' title='bbox 710 2746 862 2818; x_wconf 85' lang='lat' dir='ltr'><strong>repugnet,</strong></span> <span class='ocrx_word' id='word_1_136' title='bbox 886 2740 1064 2799; x_wconf 90' lang='lat' dir='ltr'><strong>dubitaverit</strong></span> <span class='ocrx_word' id='word_1_137' title='bbox 1086 2741 1168 2815; x_wconf 86' lang='lat' dir='ltr'><strong>quis-</strong></span> 
     </span>
     <span class='ocr_line' id='line_1_22' title="bbox 130 2841 1168 2922; baseline 0 -20"><span class='ocrx_word' id='word_1_138' title='bbox 130 2846 219 2922; x_wconf 87' lang='lat' dir='ltr'><strong>piam,</strong></span> <span class='ocrx_word' id='word_1_139' title='bbox 242 2861 313 2902; x_wconf 74' lang='lat' dir='ltr'><strong>niun</strong></span> <span class='ocrx_word' id='word_1_140' title='bbox 336 2844 406 2919; x_wconf 90' lang='lat' dir='ltr'><strong>quid</strong></span> <span class='ocrx_word' id='word_1_141' title='bbox 427 2844 560 2904; x_wconf 84' lang='lat' dir='ltr'><strong>veritatis</strong></span> <span class='ocrx_word' id='word_1_142' title='bbox 582 2843 670 2922; x_wconf 87' lang='lat' dir='ltr'><strong>nobis</strong></span> <span class='ocrx_word' id='word_1_143' title='bbox 691 2841 846 2916; x_wconf 87' lang='lat' dir='ltr'><strong>relinquat.</strong></span> <span class='ocrx_word' id='word_1_144' title='bbox 893 2841 953 2902; x_wconf 83' lang='lat' dir='ltr'><strong>Sed</strong></span> <span class='ocrx_word' id='word_1_145' title='bbox 971 2842 1035 2919; x_wconf 88' lang='lat' dir='ltr'><strong>jam</strong></span> <span class='ocrx_word' id='word_1_146' title='bbox 1056 2845 1088 2902; x_wconf 87' lang='lat' dir='ltr'><strong>in</strong></span> <span class='ocrx_word' id='word_1_147' title='bbox 1102 2845 1168 2921; x_wconf 88' lang='lat' dir='ltr'><strong>ipsa</strong></span> 
     </span>
     <span class='ocr_line' id='line_1_23' title="bbox 130 2937 1168 3024; baseline -0.002 -16"><span class='ocrx_word' id='word_1_148' title='bbox 130 2950 297 3022; x_wconf 85' lang='lat' dir='ltr'><strong>sententia,</strong></span> <span class='ocrx_word' id='word_1_149' title='bbox 329 2963 403 3024; x_wconf 90' lang='lat' dir='ltr'><strong>quae</strong></span> <span class='ocrx_word' id='word_1_150' title='bbox 432 2937 573 3007; x_wconf 71' lang='lat' dir='ltr'><strong>ventosis</strong></span> <span class='ocrx_word' id='word_1_151' title='bbox 594 2949 726 3024; x_wconf 88' lang='lat' dir='ltr'><strong>speciem</strong></span> <span class='ocrx_word' id='word_1_152' title='bbox 754 2945 834 3004; x_wconf 88' lang='lat' dir='ltr'><strong>haud</strong></span> <span class='ocrx_word' id='word_1_153' title='bbox 859 2963 930 3023; x_wconf 84' lang='lat' dir='ltr'><strong>prae</strong></span> <span class='ocrx_word' id='word_1_154' title='bbox 953 2963 986 3006; x_wconf 89' lang='lat' dir='ltr'><strong>se</strong></span> <span class='ocrx_word' id='word_1_155' title='bbox 1007 2947 1093 3023; x_wconf 81' lang='lat' dir='ltr'><strong>ierat,</strong></span> <span class='ocrx_word' id='word_1_156' title='bbox 1116 2965 1168 3008; x_wconf 88' lang='lat' dir='ltr'><strong>su·</strong></span> 
     </span>
     <span class='ocr_line' id='line_1_24' title="bbox 131 3047 1167 3128; baseline 0 -18"><span class='ocrx_word' id='word_1_157' title='bbox 131 3051 230 3110; x_wconf 81' lang='lat' dir='ltr'><strong>blinnis</strong></span> <span class='ocrx_word' id='word_1_158' title='bbox 252 3058 351 3113; x_wconf 88' lang='lat' dir='ltr'><strong>tamen</strong></span> <span class='ocrx_word' id='word_1_159' title='bbox 374 3051 526 3112; x_wconf 89' lang='lat' dir='ltr'><strong>doctrinae</strong></span> <span class='ocrx_word' id='word_1_160' title='bbox 549 3053 634 3128; x_wconf 85' lang='lat' dir='ltr'><strong>quasi</strong></span> <span class='ocrx_word' id='word_1_161' title='bbox 657 3053 770 3111; x_wconf 83' lang='lat' dir='ltr'><strong>sernina</strong></span> <span class='ocrx_word' id='word_1_162' title='bbox 791 3047 894 3110; x_wconf 87' lang='lat' dir='ltr'><strong>latent.</strong></span> <span class='ocrx_word' id='word_1_163' title='bbox 937 3049 1014 3110; x_wconf 89' lang='lat' dir='ltr'><strong>Nam</strong></span> <span class='ocrx_word' id='word_1_164' title='bbox 1035 3053 1062 3110; x_wconf 88' lang='lat' dir='ltr'><strong>si</strong></span> <span class='ocrx_word' id='word_1_165' title='bbox 1091 3053 1167 3127; x_wconf 89' lang='lat' dir='ltr'><strong>quis,</strong></span> 
     </span>
     <span class='ocr_line' id='line_1_25' title="bbox 131 3153 1168 3232; baseline 0 -18"><span class='ocrx_word' id='word_1_166' title='bbox 131 3153 255 3228; x_wconf 87' lang='lat' dir='ltr'><strong>singulis</strong></span> <span class='ocrx_word' id='word_1_167' title='bbox 276 3156 411 3230; x_wconf 89' lang='lat' dir='ltr'><strong>partibus</strong></span> <span class='ocrx_word' id='word_1_168' title='bbox 439 3158 662 3217; x_wconf 72' lang='lat' dir='ltr'><strong>accuratissime</strong></span> <span class='ocrx_word' id='word_1_169' title='bbox 690 3156 871 3232; x_wconf 80' lang='lat' dir='ltr'><strong>perspectis,</strong></span> <span class='ocrx_word' id='word_1_170' title='bbox 903 3171 1047 3216; x_wconf 82' lang='lat' dir='ltr'><strong>summanr</strong></span> <span class='ocrx_word' id='word_1_171' title='bbox 1077 3156 1168 3214; x_wconf 87' lang='lat' dir='ltr'><strong>totius</strong></span> 
     </span>
     <span class='ocr_line' id='line_1_26' title="bbox 132 3255 1169 3337; baseline 0.004 -23"><span class='ocrx_word' id='word_1_172' title='bbox 132 3255 338 3332; x_wconf 84' lang='lat' dir='ltr'><strong>disputationis</strong></span> <span class='ocrx_word' id='word_1_173' title='bbox 370 3259 517 3320; x_wconf 91' lang='lat' dir='ltr'><strong>subtiliter</strong></span> <span class='ocrx_word' id='word_1_174' title='bbox 551 3258 720 3337; x_wconf 86' lang='lat' dir='ltr'><strong>collegerit,</strong></span> <span class='ocrx_word' id='word_1_175' title='bbox 760 3257 840 3319; x_wconf 87' lang='lat' dir='ltr'><strong>hane</strong></span> <span class='ocrx_word' id='word_1_176' title='bbox 870 3275 1016 3320; x_wconf 88' lang='lat' dir='ltr'><strong>sumrnarn</strong></span> <span class='ocrx_word' id='word_1_177' title='bbox 1057 3257 1169 3318; x_wconf 83' lang='lat' dir='ltr'><strong>videbit</strong></span> 
     </span>
    </p>
   </div>
   <div class='ocr_carea' id='block_1_5' title="bbox 83 3565 1169 3989">
    <p class='ocr_par' dir='ltr' id='par_1_10' title="bbox 218 3565 1168 3658">
     <span class='ocr_line' id='line_1_27' title="bbox 218 3565 1168 3658; baseline 0.012 -26"><span class='ocrx_word' id='word_1_178' title='bbox 218 3565 276 3633; x_wconf 71' lang='grc' dir='ltr'><strong>εἰδὲ</strong></span> <span class='ocrx_word' id='word_1_179' title='bbox 297 3568 464 3653; x_wconf 62' lang='grc' dir='ltr'><em>γιγνόμενα</em></span> <span class='ocrx_word' id='word_1_180' title='bbox 485 3569 541 3636; x_wconf 67' lang='grc' dir='ltr'><strong>ὅδὲ</strong></span> <span class='ocrx_word' id='word_1_181' title='bbox 563 3571 788 3654; x_wconf 73' lang='grc' dir='ltr'><em>ἄπολλόμενα,</em></span> <span class='ocrx_word' id='word_1_182' title='bbox 809 3572 866 3639; x_wconf 70' lang='grc' dir='ltr'><strong>εἰδὲ</strong></span> <span class='ocrx_word' id='word_1_183' title='bbox 889 3575 987 3658; x_wconf 61' lang='lat' dir='ltr'><strong>pellae</strong></span> <span class='ocrx_word' id='word_1_184' title='bbox 1008 3569 1065 3640; x_wconf 72' lang='lat' dir='ltr'><strong>ias</strong></span> <span class='ocrx_word' id='word_1_185' title='bbox 1078 3571 1168 3642; x_wconf 66' lang='lat' dir='ltr'><strong>atac-</strong></span> 
     </span>
    </p>

    <p class='ocr_par' dir='ltr' id='par_1_11' title="bbox 83 3655 1169 3989">
     <span class='ocr_line' id='line_1_28' title="bbox 218 3655 1140 3735; baseline 0.012 -15"><span class='ocrx_word' id='word_1_186' title='bbox 218 3681 272 3734; x_wconf 77' lang='grc' dir='ltr'><strong>τω,</strong></span> <span class='ocrx_word' id='word_1_187' title='bbox 299 3655 355 3722; x_wconf 69' lang='grc' dir='ltr'><strong>εἰδὲ</strong></span> <span class='ocrx_word' id='word_1_188' title='bbox 376 3655 442 3735; x_wconf 84' lang='grc' dir='ltr'><em>ἶσα,</em></span> <span class='ocrx_word' id='word_1_189' title='bbox 464 3655 520 3722; x_wconf 63' lang='lat' dir='ltr'><strong>aeli</strong></span> <span class='ocrx_word' id='word_1_190' title='bbox 541 3655 619 3724; x_wconf 78' lang='grc' dir='ltr'><em>ἄλλο</em></span> <span class='ocrx_word' id='word_1_191' title='bbox 641 3657 718 3725; x_wconf 66' lang='lat' dir='ltr'><strong>aila</strong></span> <span class='ocrx_word' id='word_1_192' title='bbox 739 3665 977 3728; x_wconf 63' lang='lat' dir='ltr'><strong>senescerere</strong></span> <span class='ocrx_word' id='word_1_193' title='bbox 999 3659 1140 3731; x_wconf 66' lang='lat' dir='ltr'><strong>recasura·</strong></span> 
     </span>
     <span class='ocr_line' id='line_1_29' title="bbox 92 3735 1169 3830; baseline 0.006 -26"><span class='ocrx_word' id='word_1_194' title='bbox 92 3769 118 3819; x_wconf 87' lang='lat' dir='ltr'><strong>p.</strong></span> <span class='ocrx_word' id='word_1_195' title='bbox 170 3749 196 3783; x_wconf 86' lang='lat'><strong>¹⁶</strong></span> <span class='ocrx_word' id='word_1_196' title='bbox 219 3735 326 3808; x_wconf 71' lang='grc' dir='ltr'><em>Οὕτω</em></span> <span class='ocrx_word' id='word_1_197' title='bbox 351 3741 404 3830; x_wconf 63' lang='lat' dir='ltr'><strong>cip*</strong></span> <span class='ocrx_word' id='word_1_198' title='bbox 428 3746 468 3806; x_wconf 77' lang='grc' dir='ltr'><strong>ἓν</strong></span> <span class='ocrx_word' id='word_1_199' title='bbox 497 3743 532 3807; x_wconf 80' lang='grc' dir='ltr'><strong>εἰ</strong></span> <span class='ocrx_word' id='word_1_200' title='bbox 559 3747 630 3821; x_wconf 79' lang='grc' dir='ltr'><strong>ἔςι,</strong></span> <span class='ocrx_word' id='word_1_201' title='bbox 660 3745 793 3812; x_wconf 76' lang='grc' dir='ltr'><em>πάντα</em></span> <span class='ocrx_word' id='word_1_202' title='bbox 818 3757 861 3812; x_wconf 74' lang='grc' dir='ltr'><em>τέ</em></span> <span class='ocrx_word' id='word_1_203' title='bbox 891 3749 946 3820; x_wconf 65' lang='lat' dir='ltr'><strong>ece</strong></span> <span class='ocrx_word' id='word_1_204' title='bbox 968 3749 1009 3814; x_wconf 81' lang='grc' dir='ltr'><strong>τό</strong></span> <span class='ocrx_word' id='word_1_205' title='bbox 1031 3752 1085 3829; x_wconf 77' lang='grc' dir='ltr'><strong>ἓν,</strong></span> <span class='ocrx_word' id='word_1_206' title='bbox 1106 3748 1169 3815; x_wconf 79' lang='grc' dir='ltr'><strong>καὶ</strong></span> 
     </span>
     <span class='ocr_line' id='line_1_30' title="bbox 83 3821 1169 3921; baseline 0.01 -32"><span class='ocrx_word' id='word_1_207' title='bbox 83 3821 134 3872; x_wconf 77' lang='lat'><strong>¹⁶⁰</strong></span> <span class='ocrx_word' id='word_1_208' title='bbox 219 3827 286 3891; x_wconf 73' lang='grc' dir='ltr'><strong>ὀδὲ</strong></span> <span class='ocrx_word' id='word_1_209' title='bbox 311 3832 349 3893; x_wconf 73' lang='grc' dir='ltr'><strong>ἔν</strong></span> <span class='ocrx_word' id='word_1_210' title='bbox 374 3833 429 3899; x_wconf 65' lang='lat' dir='ltr'><strong>aes</strong></span> <span class='ocrx_word' id='word_1_211' title='bbox 457 3832 520 3895; x_wconf 79' lang='grc' dir='ltr'><strong>καὶ</strong></span> <span class='ocrx_word' id='word_1_212' title='bbox 547 3830 645 3916; x_wconf 75' lang='grc' dir='ltr'><strong><em>πρός</em></strong></span> <span class='ocrx_word' id='word_1_213' title='bbox 675 3832 792 3898; x_wconf 72' lang='grc' dir='ltr'><em>ἑαυτό</em></span> <span class='ocrx_word' id='word_1_214' title='bbox 820 3836 886 3898; x_wconf 79' lang='grc' dir='ltr'><strong>καὶ</strong></span> <span class='ocrx_word' id='word_1_215' title='bbox 912 3836 1017 3921; x_wconf 72' lang='grc' dir='ltr'><strong>πρός</strong></span> <span class='ocrx_word' id='word_1_216' title='bbox 1037 3829 1169 3904; x_wconf 73' lang='grc' dir='ltr'><strong>τᾶλλα</strong></span> 
     </span>
     <span class='ocr_line' id='line_1_31' title="bbox 89 3913 544 3989; baseline 0.013 -15"><span class='ocrx_word' id='word_1_217' title='bbox 89 3935 118 3988; x_wconf 77' lang='grc' dir='ltr'><strong>Β,</strong></span> <span class='ocrx_word' id='word_1_218' title='bbox 215 3913 402 3989; x_wconf 60' lang='lat' dir='ltr'><strong>draucos.</strong></span> <span class='ocrx_word' id='word_1_219' title='bbox 541 3930 544 3942; x_wconf 90' lang='lat'>&#39;</span> 
     </span>
    </p>
   </div>
   <div class='ocr_carea' id='block_1_6' title="bbox 0 0 1363 4560">
    <p class='ocr_par' dir='ltr' id='par_1_12' title="bbox 0 0 1363 4560">
     <span class='ocr_line' id='line_1_32' title="bbox 0 0 1363 4560; baseline 0 0"><span class='ocrx_word' id='word_1_220' title='bbox 0 0 1363 4560; x_wconf 95' lang='lat' dir='ltr'><strong> </strong></span> 
     </span>
    </p>
   </div>
  </div>
 </body>
</html>
