2704 4560
686 323 735 397 50

187 509 328 589 praesent
351 509 497 581 assecuta,
520 507 584 566 fieri
607 508 753 570 desinunt
768 509 811 546 ¹¹⁸
837 501 936 570 Unum
951 509 1041 585 igitur
1067 514 1098 566 et
1124 509 1240 584 ipsum,

187 615 258 674 dum
276 617 308 673 in
329 615 485 690 praesente
501 616 634 689 tempore
648 618 793 686 versatur,
811 612 874 690 jam
889 629 950 672 non
965 612 1057 686 sieri,
1080 611 1133 670 sed
1149 627 1241 671 esse

185 719 285 796 potius
307 719 402 776 semet
423 716 489 792 ipso
511 720 542 775 et
560 716 662 793 junius
685 722 716 776 et
737 717 843 776 senius
867 717 992 776 videtur.
1007 717 1048 754 ¹¹⁹

252 818 308 880 Oui
330 836 420 896 quum
441 813 480 877 τό
491 814 552 879 νῦν
566 836 626 877 non
641 797 797 894 interdum,
821 820 874 878 sed
890 837 1033 898 semper
1056 821 1233 895 conveniat,

187 941 279 984 unum
300 925 482 1000 semetipso
504 939 647 999 semper
670 927 716 982 est
739 927 769 982 et
789 922 823 980 fit
841 923 943 999 junius
966 929 996 982 et
1017 926 1126 986 sonim.

251 1025 351 1088 Unum
371 1014 453 1102 vero,¹
479 1032 624 1102 quatenus
642 1043 679 1096 se
701 1029 800 1103 ipsum
822 1032 954 1105 tempore
984 1043 1101 1106 semper
1123 1029 1234 1104 aequi-

185 1134 285 1210 parat,
314 1147 413 1190 nonne
442 1131 496 1191 tibi
520 1131 671 1190 eandem
693 1119 809 1207 sempe?
831 1135 960 1189 aetatem
982 1149 1069 1206 agere
1091 1131 1236 1190 videtur?
1324 1199 1325 1204 ἵ

185 1235 279 1312 Ergo
301 1250 407 1293 unum
429 1241 546 1294 semet
566 1237 647 1312 ipso
670 1237 796 1296 senius
819 1240 880 1294 aut
898 1233 1025 1311 junius
1040 1253 1159 1313 neque
1177 1242 1234 1296 est

184 1355 302 1417 neque
326 1337 564 1397 efficitur.¹²⁰

254 1441 347 1520 Cujus
369 1444 633 1518 argumentationis
663 1457 778 1501 summa
807 1440 881 1501 mihi
912 1443 1030 1519 quidem
1051 1446 1082 1502 in
1104 1459 1140 1503 eo
1166 1461 1232 1504 esse
1326 1431 1327 1508 ¹

185 1547 312 1625 videtm‚
337 1545 417 1624 quod
438 1562 530 1606 unum
552 1547 695 1623 temporis
718 1551 749 1604 et
769 1562 929 1622 progressu
951 1553 982 1606 et
1003 1546 1110 1607 finibus
1132 1549 1232 1624 ipsum
1326 1521 1327 1570 ³

186 1654 293 1728 attingi
332 1650 482 1710 edocetur.
520 1647 625 1724 ¹Quod
654 1654 754 1708 aretem
783 1651 871 1710 unius
900 1651 1082 1727 temporibus
1110 1652 1233 1711 obnoxii

184 1761 289 1816 nature
317 1753 386 1814 talis
418 1752 597 1831 explicatur,
631 1751 749 1830 qualem
777 1751 971 1830 philosophus
1002 1759 1136 1830 tempore
1168 1762 1231 1816 tum
1326 1763 1327 1830 i

185 1879 204 1920 a
233 1865 329 1920 semet
358 1860 424 1936 ipse
453 1857 601 1916 diversam
629 1863 691 1917 tum
718 1857 854 1934 sibiipsi
877 1856 1033 1934 aequalem
1057 1875 1123 1918 esse
1147 1857 1231 1934 velit,
1326 1833 1327 1848 ¹

188 1967 254 2042 quis
278 1967 333 2038 est,
357 1964 428 2040 quin
448 1959 632 2021 offendatur?
654 1961 758 2039 Neque
783 1963 861 2020 enim
883 1979 982 2037 unum,
1008 1964 1077 2039 quia
1096 1968 1231 2040 ternpore

184 2067 349 2147 participet
370 2072 422 2126 aut
443 2067 544 2126 senius
567 2071 618 2125 aut
637 2065 738 2142 jmius
761 2081 794 2125 se
816 2068 882 2144 ipso
905 2063 1047 2141 efficitur,
1069 2067 1129 2156 nisi
1152 2067 1230 2126 sorte

186 2173 252 2250 quis
279 2188 371 2232 unum
399 2176 540 2246 tanquam
566 2169 757 2229 immobile
778 2176 952 2248 punctum
980 2171 1121 2230 constitui
1146 2169 1229 2246 velit,

187 2276 266 2354 quod
288 2275 430 2354 temporis
452 2279 535 2335 motu
556 2272 645 2354 plane
668 2276 852 2336 extrinsecus
875 2276 1083 2352 obstringetur.
1161 2313 1165 2324 «

134 2533 326 2646 1221188
357 2532 416 2620 γάρ
450 2555 496 2598 πε
524 2534 747 2646 πορευόμενόν
775 2558 809 2618 γε
838 2536 879 2598 ἐκ
900 2536 948 2600 τῦ
969 2531 1150 2604 nostele
1178 2531 1225 2594 νο

142 2661 162 2712 Β
270 2625 412 2688 ἔπειτα
433 2621 597 2730 vnepptrp‘
569 2639 716 2688 νσεται
738 2646 783 2686 το
805 2625 893 2697 νῦν,·

144 2699 172 2784 c:
271 2709 312 2776 Εἰ
332 2712 372 2774 δέ
390 2731 424 2793 γε
446 2707 565 2796 ἀνάγκη
591 2734 636 2818 μη
637 2709 897 2819 παρελθεῖν
872 2708 910 2774 oo
935 2710 994 2774 νῦν
1020 2711 1091 2774 πᾶν
1116 2703 1152 2770 τό
1184 2723 1223 2785 γν-

267 2796 435 2883 γνόμενον,
458 2796 621 2863 ἐπειδᾶν
639 2797 741 2862 κοινοὶ
762 2800 854 2862 offro
876 2791 907 2884 ᾗ,
928 2799 1088 2873 ἐπίσχει
1106 2789 1226 2856 deire}

266 2887 484 2969 γίγνεσθαι,
509 2883 570 2946 καὶ
592 2885 648 2953 ἔςι
669 2883 760 2946 τότε
781 2886 873 2944 offro
896 2901 962 2956 υ,τι
983 2899 1030 2939 αν
1059 2876 1152 2956 τυχῃ
1176 2897 1226 2953 γι-

267 2970 496 3080 γνόμενον.

206 3066 248 3104 ¹¹⁹
272 3059 336 3125 Καὶ
356 3051 395 3120 τὸ
416 3049 496 3119 ἓν
473 3075 538 3139 apoc
560 3075 642 3117 οταν
663 3046 883 3134 πρεσβύτερον
903 3041 1086 3148 γιγνόμενον
1112 3042 1224 3132 ε’ντύχη
1324 3119 1325 3126 ¹

267 3147 315 3228 τῷ
338 3144 413 3218 νῦν,
435 3143 552 3219 ἐπέσχε
572 3161 610 3202 τε
596 3137 814 3220 γίγνεσθαι,
841 3131 903 3195 καὶ
937 3130 996 3200 ἔςν
1021 3125 1111 3193 τότε
1137 3153 1225 3219 πρε-

269 3207 463 3336 σβύτερον.

146 3341 177 3394 Ε,
277 3313 326 3377 To'
351 3333 386 3393 γε
410 3331 495 3414 μην
510 3309 570 3371 νῦν
598 3305 664 3370 det
661 3303 796 3408 roipert
824 3306 887 3414 τῷ
899 3303 945 3370 ἑνὶ
967 3301 1022 3368 δια
1043 3303 1167 3378 παντυς
1188 3329 1223 3370 re

268 3390 361 3464 εἶναι·
383 3395 429 3462 ἔςι
451 3391 513 3478 γάρ
536 3391 587 3457 αἐῐ
608 3395 677 3471 νῦν,
687 3383 895 3501 οτανπερῇ
925 3391 999 3456 Ἀεὶ
1020 3386 1114 3498 ἄρα
1117 3394 1221 3463 irrue

266 3482 522 3632 eoipr'yveuar
542 3477 850 3569 πρεσβύτερον“
834 3504 949 3546 eoves
965 3478 1026 3544 καὶ
1039 3476 1221 3564 νεώτερον

276 3591 318 3631 vo
364 3590 383 3631 ν

200 3661 242 3698 ¹¹⁰
269 3651 356 3720 To⁰
339 3677 375 3719 εν
395 3647 495 3765 ἄρα,
493 3677 551 3720 τον
573 3656 645 3723 ἴσον
669 3653 788 3742 χρόνον
812 3653 894 3760 poro
921 3653 1025 3735 ἑαυτῷ
1048 3650 1100 3715 καὶ
1129 3652 1220 3735 γιγνό-

267 3765 374 3849 μενον
395 3739 495 3808 arocb'⁸
476 3765 524 3822 υν,
554 3737 788 3830 tressortem
809 3738 865 3810 ire
885 3737 1147 3830 πρεσβύτερον
1131 3742 1221 3807 suoru*

269 3826 374 3906 tow
354 3853 409 3898 ετε
429 3833 609 3916 γίγνεται.1
