2704 4560
198 500 309 563 thesis
327 511 445 570 omniuo
467 517 568 588 negari
591 517 671 579 velit.
704 520 780 583 Uno
795 529 895 582 autem
914 531 1032 600 negato,
1055 527 1126 600 quid
1139 535 1233 586 restat

194 604 284 684 aliud,
307 613 365 671 nisi
387 619 421 674 ut
443 617 473 672 in
495 634 592 681 rerum
614 622 833 692 multitudinem
856 633 944 702 atque
974 629 1142 704 disoriruina
1165 649 1231 693 cum

115 723 118 729 ¹
193 713 390 773 antithesi
413 722 621 783 transeamus?
645 725 677 786 Si
700 731 765 804 quis
787 732 877 806 igitur
900 731 997 792 thesin
1021 740 1050 792 et
1071 733 1232 794 antithesin

192 816 268 877 iuter
289 833 356 876 sese
381 809 603 903 comparaverit,
628 833 714 890 unius
739 834 881 895 attributa
903 835 966 897 loro
998 839 1144 899 contraria
1172 856 1232 898 non

191 919 319 994 negabit.
1119 994 1122 1002 .

255 1023 343 1101 Ergo,
356 1030 520 1092 antinomia
530 1037 826 1115 nostraperlustrata,
836 1041 899 1118 jam
904 1027 1118 1122 philosophum
1126 1049 1229 1124 sequi·

191 1141 265 1206 uim,
290 1133 340 1207 qui
363 1135 414 1192 uni
438 1141 586 1198 contraria
608 1141 682 1201 velit
703 1146 854 1220 assignarit
884 1146 1020 1224 Apparet
1035 1152 1123 1225 mun
1140 1169 1229 1212 unum
1338 1151 1339 1162 ’

192 1236 303 1309 pariter
332 1253 422 1298 uuum
453 1257 518 1302 esse
548 1251 636 1321 atque
665 1265 727 1308 non
757 1265 846 1326 esse,
871 1250 964 1318 multa
994 1258 1023 1310 et
1045 1271 1105 1322 uon¹
1127 1255 1226 1330 multer,

192 1340 374 1416 temporibus
396 1347 574 1423 participare
598 1356 628 1410 et
649 1369 709 1412 non
732 1357 919 1431 participare,
944 1373 1010 1416 esse
1033 1364 1138 1426 elnon
1153 1376 1222 1418 csse.

259 1442 342 1518 Quae
367 1451 514 1508 contraria
537 1469 604 1515 com
627 1457 678 1514 uni
699 1474 758 1514 non
781 1457 910 1535 aliunde,
935 1461 988 1520 sed
1011 1477 1047 1521 ex
1067 1440 1229 1543 propria

190 1549 308 1623 ipsius
330 1555 463 1610 natura
486 1560 710 1632 contingant,
730 1561 794 1636 jam
808 1579 862 1638 per
873 1581 905 1628 se
917 1567 1060 1640 sequitur,
1076 1572 1112 1624 ut
1127 1584 1230 1626 riuum
1306 1567 1312 1580 '

190 1653 315 1728 ipsum,
339 1657 376 1718 in
398 1661 585 1734 utramque
608 1663 831 1724 antinomiae'
842 1673 980 1743 partem
996 1672 1230 1748 parlierpro-

191 1752 312 1833 latum,
335 1776 398 1835 per
420 1777 456 1819 se
478 1764 598 1838 ipsum
619 1764 699 1826 illis
723 1773 927 1830 contrariis
950 1779 1084 1848 pateat.

254 1861 358 1937 Neque
381 1861 500 1940 suffieit,
525 1869 551 1927 si
573 1872 625 1928 imi
648 1875 794 1932 contraria
809 1892 827 1932 a
840 1874 1230 1956 philosophoassiguautur,

190 1965 243 2023 sed
264 1969 364 2041 potius
387 1984 492 2028 unum
514 1974 630 2048 ipsum
653 1974 726 2034 talo
746 1981 900 2054 proponi
929 1985 1090 2056 oportet,
1114 1985 1230 2058 quale

190 2073 381 2130 contraria
402 2071 474 2131 illa
495 2079 658 2138 vicissim
679 2082 730 2140 ita
752 2081 892 2157 subeat,
917 2089 955 2142 ut
977 2085 1019 2146 at
1040 2082 1163 2168 altero
1187 2089 1229 2148 acl

187 2171 349 2234 alterum
371 2181 529 2238 transire
551 2182 727 2250 videatur.
775 2183 841 2260 Qua
870 2189 1084 2262 transeundi
1112 2193 1230 2260 ratione

190 2283 327 2338 accurate
341 2285 428 2355 atque
445 2283 592 2344 subtiliter
607 2285 802 2366 philosophus
817 2290 914 2355 russin
930 2299 961 2353 ei
971 2293 1130 2356 antithesin
1148 2298 1230 2358 <inter

176 2372 256 2440 'sese
277 2383 469 2444 reconciliare
491 2389 598 2449 studet.
1146 2440 1149 2448 .

253 2485 352 2562 Atque
373 2487 431 2550 hoe
455 2493 574 2566 quidem
596 2495 750 2570 disputans
765 2497 960 2576 philosophus
972 2507 1074 2571 neseio
1090 2522 1126 2565 an
1140 2503 1224 2563 illam

188 2589 408 2668 philosophiam
430 2601 564 2671 repetere
579 2599 723 2676 videatur,
748 2619 824 2678 quae
834 2606 867 2664 in
880 2603 1085 2686 philosophiae
1098 2605 1220 2672 historia

187 2694 357 2760 Eleatarum
380 2698 544 2760 doctrinam
570 2707 727 2782 exceperit.

191 2835 196 2840 -
252 2799 329 2860 Nam
350 2801 610 2890 Empedocles
632 2809 805 2874 Eleatarum
825 2831 917 2877 uuum
931 2864 934 2878 .
948 2832 1014 2874 eum
1037 2813 1224 2882 mullitudine

188 2907 277 2977 atque
300 2904 484 2969 Parmenidis
508 2916 669 2973 essentiam
692 2935 758 2976 erun
781 2935 858 2974 vana
878 2933 978 2977 rerum
997 2919 1107 2988 specie,
1120 2948 1136 2963 -
1151 2933 1226 3002 quas

159 2981 327 3084 'auosque
349 3010 440 3072 thesis
463 3022 565 3076 nostra
588 3025 617 3076 et
640 3021 793 3079 antithesis
817 3019 900 3090 quasi
926 3013 1153 3084 redolent-ita
1173 3032 1223 3077 1⁰2

189 3112 375 3192 conciliavit,
406 3124 439 3176 ut
468 3137 574 3196 uuum,
603 3124 635 3180 in
664 3137 722 3196 quo
746 3117 839 3180 multa
860 3116 995 3187 latflfffllh
1018 3114 1108 3180 ¹¹¹⁰d⁰
1129 3126 1227 3185 senae
1338 3199 1339 3202 ,

186 3218 284 3292 ipsmn
312 3222 344 3278 in
372 3222 530 3283 multorum
561 3224 731 3282 discrimina
761 3219 926 3305 dirimeret,
947 3216 1095 3290 ¹modae
1124 3238 1224 3283 rermn

185 3320 373 3382 multitudine
396 3326 433 3384 ad
455 3331 551 3383 semet
571 3326 669 3398 ipsum
691 3322 808 3380 rediret.
852 3318 1124 3398 Unitaaigituee
1143 3325 1222 3384 mul-

187 3427 282 3486 titudo
304 3431 347 3486 ita
368 3431 446 3486 inter
466 3441 533 3484 sese
554 3423 729 3500 reseruntur,
753 3430 787 3484 ut
807 3423 901 3486 altera
914 3427 946 3487 iu
960 3425 1085 3496 alterum
1106 3435 1222 3490 trans-

187 3536 255 3588 eat.
298 3529 365 3586 Hae
389 3527 505 3601 quidem
528 3529 878 3593 transeundtratione
893 3547 940 3590 res
956 3532 1043 3594 modo
1059 3533 1220 3602 adunan-

186 3639 253 3704 tur,
277 3633 303 3688 si
325 3628 418 3686 multa
439 3632 471 3688 in
493 3648 585 3690 unum
608 3640 766 3711 coguntur,
798 3636 885 3696 modo
916 3644 1164 3714 separantur,
1195 3643 1221 3700 si

184 3735 328 3791 nnumin
350 3732 444 3794 multa
466 3736 618 3798 dirimitur.
658 3737 705 3798 Ita
728 3758 803 3817 quae
827 3741 945 3817 quidem
968 3743 1114 3800 contraria
1128 3741 1218 3802 Elea·

185 3841 233 3896 tae
252 3838 293 3897 ab
313 3857 382 3900 uno
404 3841 579 3920 rejecerunt,
604 3861 641 3910 ea
662 3846 696 3910 in
718 3843 992 3932 unoEmpedocles
1009 3845 1220 3928 reconciliasse
