2704 4560
625 357 672 430 99

207 545 266 608 Sed
288 546 431 606 neminen
452 546 516 622 ipse
539 543 730 604 Parmenides
752 559 855 602 verum
887 538 973 600 illmn
999 553 1176 600 consensum

139 669 200 710 nen
221 656 323 726 aperte
346 649 466 724 quidem
479 646 682 725 explicaverit,
705 645 984 723 sedquedammcdo
997 643 1175 705 indicavisse

138 754 282 812 videatur.
317 750 404 826 Quod
426 753 504 818 enim
527 750 765 828 conjunctae
781 752 868 808 unius
888 748 1104 831 multorumque
1119 763 1176 808 ne·

139 858 237 917 tiones
259 857 316 916 sibi
337 861 513 932 repugnant,
536 854 593 914 hoc
615 852 698 913 nulla
720 852 780 915 alia
793 870 824 912 re
837 851 970 927 efficitur,
995 868 1082 927 quem
1097 849 1177 926 qued

138 966 261 1038 utraque
283 963 365 1019 notio
390 965 572 1020 externarum
583 975 681 1017 rerum
695 964 830 1016 naturam
854 957 958 1016 induit.
986 954 1062 1016 Nam
1074 971 1174 1029 unum,

139 1083 208 1126 cum
229 1082 247 1122 a
269 1081 302 1124 se
325 1063 448 1138 differat,
474 1070 659 1124 externarum
680 1079 777 1124 rerum
799 1059 997 1122 multitudinis
1027 1061 1176 1136 particeps

138 1168 180 1228 fit.
224 1167 302 1226 Item
323 1166 425 1244 multa,
450 1185 517 1228 cum
540 1185 558 1224 a
580 1183 613 1226 se
636 1165 787 1242 differant,
810 1181 869 1226 uno
892 1163 1061 1224 immediate
1083 1164 1177 1242 parti·

138 1275 246 1350 cipant.

205 1374 310 1452 Itaque
332 1379 419 1435 unius
443 1373 659 1450 multorumque
672 1391 834 1434 cousensus
857 1379 993 1433 tautum
1013 1375 1177 1432 externe-

136 1498 210 1538 rum
231 1497 348 1539 rerum
370 1485 502 1538 natura
525 1479 728 1553 efficitur,
753 1485 790 1537 et
811 1477 1025 1538 sentiendo
1047 1478 1176 1552 magiS,

138 1603 241 1662 quam
264 1584 459 1660 cogitando
483 1586 697 1660 percipitur.
725 1582 830 1659 Inque
849 1582 967 1658 quidem
990 1582 1177 1659 suppositum

137 1689 276 1766 quiddam
297 1691 405 1764 inesse,
431 1689 508 1765 quod
530 1693 702 1767 argumenta
724 1688 834 1766 fugiat,
856 1686 919 1766 jam
941 1702 1030 1764 supra
1053 1684 1177 1744 demon-

137 1795 303 1854 stravimus.

163 1961 165 1966 ,
200 1896 297 1955 Verus
328 1903 427 1956 autem
456 1898 611 1956 notionum
641 1911 802 1955 consensus
832 1895 875 1952 ita
900 1891 1080 1970 philosopho
1106 1911 1177 1970 pre-

135 1998 250 2058 bandus
281 2017 347 2059 esse
377 2001 509 2074 videtur,
548 2007 581 2058 ut
613 2018 704 2059 unum
735 1997 884 2074 multaque
916 2013 978 2056 non
1008 1995 1177 2074 amplius

117 2092 460 2179 commisceantur,
491 2104 556 2162 scd
579 2104 779 2179 cogitando
802 2104 930 2180 potius
956 2103 1061 2160 inter
1083 2117 1175 2162 sese

135 2205 436 2267 reconcilientur.
468 2205 555 2290 Quqd
571 2207 718 2267 disserens
730 2206 816 2266 Plato
833 2223 869 2266 ex
884 2208 991 2264 unius
1014 2206 1178 2264 scientia

96 2321 98 2326 ·
137 2315 173 2368 et
205 2312 358 2370 notione
391 2310 586 2370 multorum
624 2312 827 2370 essentiam
866 2312 1010 2386 pariter
1048 2308 1178 2370 deduci

135 2413 239 2491 velit,
262 2421 411 2494 atquae
439 2414 636 2478 multorum
657 2416 818 2478 scicntia
842 2420 877 2472 ct
894 2415 1045 2473 notione
1068 2413 1177 2474 unius

136 2523 340 2581 essentiam.

199 2623 303 2700 Itaque
326 2629 512 2686 necessarius
540 2629 628 2685 unius
651 2624 867 2700 multorumque
881 2639 1042 2682 censensus
1062 2626 1177 2681 tantum

136 2726 238 2801 abest,
269 2732 302 2784 ut
332 2733 518 2786 externarum
545 2744 645 2786 rerum
673 2733 779 2786 natura
808 2727 951 2786 conflatus
980 2725 1176 2802 sensibusque

136 2828 288 2906 subjectus
318 2832 373 2904 sit,
403 2836 442 2888 ut
471 2831 552 2906 ipsa
576 2831 765 2888 notionum
786 2835 915 2888 natura
938 2830 1106 2890 aflectus
1138 2834 1177 2890 et

136 2934 327 3010 cogitandi
349 2936 582 2997 necessitate
604 2932 806 3013 productus
829 2939 1012 3011 appareat.

200 3036 267 3101 Tali
294 3044 393 3098 autem
420 3055 585 3112 consensu,
616 3042 689 3098 tum
711 3054 816 3096 unum
837 3053 906 3114 per
928 3053 967 3096 se
990 3039 1108 3114 ipsum
1131 3035 1176 3096 ad

135 3139 245 3201 multa
285 3143 495 3218 deducitur,
533 3147 605 3204 tum
641 3139 753 3204 multa
788 3158 853 3221 per
885 3157 921 3200 se
956 3141 1036 3220 ipsa
1069 3157 1177 3207 unum

136 3250 320 3320 quaerunt.

201 3347 269 3406 Hoc
292 3350 410 3424 quidem
431 3353 550 3411 nonnisi
574 3349 777 3410 dialectica
800 3349 1007 3426 cogitandi
1029 3349 1175 3407 ratione

135 3455 372 3530 assequimur,
398 3472 467 3530 qua
488 3457 546 3514 via
567 3453 680 3514 multa
700 3458 736 3513 in
759 3441 1179 3514 unitateminduceutur¹

134 3560 330 3634 eademque
354 3575 394 3616 ex
415 3561 558 3619 unitate
574 3545 816 3620 deducentur.

201 3661 250 3721 Ad
270 3663 349 3725 hunc
371 3666 461 3738 igitur
483 3661 580 3739 tinem,
604 3667 630 3724 si
651 3665 845 3740 nondirecta,
869 3669 900 3722 at
921 3662 1174 3721 indirectatemen

137 3766 189 3822 via
210 3764 401 3828 Parmenides
425 3785 493 3826 cum
515 3785 630 3826 summa
651 3775 740 3845 atque
762 3770 875 3832 invicta
904 3765 1081 3830 dialecticae
1102 3767 1174 3832 artis

136 3871 168 3927 vi
192 3873 224 3928 et
244 3875 389 3946 gravitate
411 3889 467 3934 noe
489 3872 618 3936 addunt.
