2648 4556
571 361 617 442 29

145 546 233 612 Mult'
212 557 251 610 trs
274 549 361 624 enim,
385 564 584 626 quaecumque
606 553 682 622 sunt,
706 543 823 608 omnino
844 542 957 621 negatis
969 540 1030 620 jam
1043 555 1103 600 nou
1195 603 1199 614 ,

74 663 146 716 sumt
173 673 248 732 quae
271 657 301 712 in
324 672 381 712 uno
405 654 570 714 discernant
558 659 613 711 t.ur
656 651 733 728 Ergo
756 667 846 709 uuum
866 647 1101 708 discriminis

74 760 165 836 plane
188 775 291 834 expers
313 747 486 817 habetor.
884 811 889 826 ,

147 863 244 938 Atque
265 861 322 920 hoe
345 862 493 940 quidem
485 879 515 918 m
537 857 659 936 singuiis
682 855 859 934 quaestionis
887 858 1004 916 nostrae
1032 871 1100 931 par-

79 967 159 1026 tibus
181 969 222 1023 ita
245 967 403 1052 exponitur,
426 970 459 1022 ιιι
482 964 713 1040 quantitatis,
745 951 966 1038 qualitatis,
996 958 1101 1017 rela-

79 1072 206 1142 tionis,
228 1032 560 1144 εριιίἰ,ἰιιιιροιίε,
584 1067 768 1124 essentiae
794 1065 962 1123 discrimina
983 1063 1020 1121 ab
1042 1079 1100 1121 rme

79 1173 257 1250 rejiciantur.
293 1171 360 1230 Hoc
382 1174 459 1230 enim
481 1172 631 1246 nnumin
654 1186 710 1256 quo
731 1165 773 1226 nil
789 1169 977 1242 discernatur,
1001 1168 1103 1242 quasi

82 1277 289 1336 substantia
318 1266 574 1352 apparetque
603 1270 1102 1348 discriminaqualiacunque

79 1378 265 1438 tollantur.
296 1361 368 1456 (Das
385 1375 719 1450 unterschiedslose
733 1373 805 1436 Eius
822 1375 931 1458 ist-das
947 1373 1102 1446 ¹Weder·

79 1482 184 1542 Noch
196 1480 281 1538 aller
301 1479 529 1562 Unterschiede.)

149 1583 252 1659 Neque
282 1583 369 1660 igitur
397 1585 434 1641 ad
461 1592 591 1644 nostram
621 1585 816 1659 cognitionem
843 1584 986 1660 pertinet,
1013 1581 1102 1658 quia

82 1706 152 1746 nen
166 1689 237 1746 nisi
252 1686 361 1746 multa
383 1689 638 1766 distinguendo
654 1685 895 1762 cognoscitur,
913 1689 1101 1762 cogitatur,

81 1794 247 1851 sentitur.
298 1791 380 1850 Haec
409 1779 496 1868 igitur
522 1799 591 1852 sumt
613 1797 790 1867 argumente,
821 1807 895 1865 quae
918 1790 1008 1849 thesis
1030 1807 1099 1867 pro-

81 1897 146 1954 fert.
169 1895 238 1954 Alio
260 1894 326 1973 loco
350 1895 583 1973 dijudicabimus,
608 1900 746 1972 quantum
767 1893 864 1956 ualeat
879 1894 976 1955 'thesis
995 1896 1026 1952 iu
1039 1899 1103 1952 tota

83 2001 251 2059 antinomia.
352 1983 356 1994 ¹

145 2102 211 2162 Hoc
233 2109 345 2161 tantum
365 2103 397 2161 id
419 2104 497 2179 quod
519 2110 623 2182 sponte
638 2108 759 2179 apparet
779 2101 941 2178 significare
959 2096 1101 2178 volmnyn,

84 2196 184 2263 thesin
203 2213 332 2264 nostram
353 2205 535 2266 solmnmodo
557 2208 594 2266 ad
617 2205 867 2297 explicandum
887 2205 1000 2266 Unius
1022 2222 1097 2264 mo-

85 2315 237 2366 mentum
253 2316 422 2384 spectare,
438 2327 495 2385 quo
507 2311 622 2385 quidem
633 2317 767 2389 separato
782 2309 905 2370 alterrun
920 2310 1102 2370 essentiae
1195 2313 1197 2322 ’

82 2418 262 2471 momentum
282 2416 447 2472 necessario
469 2412 595 2480 tollatur.
640 2416 738 2474 Distat
764 2432 833 2490 ergo
859 2413 1039 2490 aliquantum
1061 2412 1098 2471 ab

82 2515 237 2592 hypothesi
259 2516 358 2576 thesis.
405 2515 479 2576 (hun
501 2521 578 2576 enim
599 2516 651 2576 illa
672 2537 774 2580 unum
796 2535 875 2578 esse
903 2517 993 2593 velit,
1024 2518 1100 2576 haee

84 2617 176 2677 solam
197 2623 384 2688 unius'vim
404 2627 560 2698 persecuta
587 2628 675 2699 negat
703 2621 914 2698 qualiacunque
940 2624 1024 2680 unius
1054 2627 1101 2678 ut-

86 2724 203 2780 tributa.
246 2723 313 2781 Non
333 2725 421 2798 igitur
441 2730 521 2783 reete
543 2724 634 2784 thesis
656 2743 723 2785 eum
744 2715 897 2802 hypothesi
913 2731 1013 2786 nostra
1028 2740 1100 2782 eon·

87 2827 175 2882 venit.
219 2824 313 2899 Quam
334 2828 361 2901 si
382 2829 446 2910 quis
469 2831 585 2888 omnino
606 2825 772 2906 perspicere
786 2828 866 2904 velit,
889 2827 973 2887 alteri
990 2827 1101 2889 Unius
1135 2905 1138 2914 Ι
1200 2905 1202 2912 y
1306 2846 1309 2858 ’

86 2935 243 3004 momento,
268 2930 344 3005 quod
366 2931 483 3008 quidem
504 2931 594 2993 thesis
616 2933 671 2992 sibi
692 2932 866 3012 sejunxerit,
897 2932 1019 2992 altermn
1043 2949 1100 2992 es-

84 3036 224 3092 sentiae
246 3041 424 3119 momentum
448 3038 525 3113 quod
546 3036 715 3114 hypothesis
736 3036 834 3098 valere
853 3038 968 3115 jubeat,
991 3039 1101 3114 pariter

85 3137 408 3216 sejtmctmn'opponat,
433 3158 556 3201 neeesse
579 3147 631 3200 est.

147 3241 244 3318 Atque
266 3241 323 3301 huc
347 3245 464 3320 quidem
487 3245 578 3303 thesis
601 3250 631 3301 et
652 3246 717 3321 ipsa
732 3250 852 3320 spectat.
880 3243 992 3306 Unius
1007 3223 1100 3302 enim

86 3349 248 3421 separati
266 3350 358 3423 notio,
383 3366 456 3424 quae
480 3365 580 3406 omnes
602 3351 632 3406 in
655 3348 731 3406 thesi
744 3365 914 3425 progressus
928 3355 1018 3426 regat,
1041 3366 1101 3408 uon

87 3447 208 3532 efficitur
229 3453 286 3510 nisi
308 3471 397 3510 unmn
419 3453 456 3510 ab
486 3454 565 3510 omni
594 3453 834 3512 determinatione
862 3451 961 3530 plane,
977 3453 1101 3512 liberum

86 3546 178 3629 atque
190 3531 319 3613 immune
342 3557 485 3616 statueris.

148 3656 235 3731 Quod
263 3675 353 3716 unum
382 3674 449 3715 oum
476 3675 535 3716 non
563 3665 623 3717 tam
652 3662 743 3750 ipsius
758 3665 883 3748 κιιιιιιιιι,
908 3677 993 3737 quam
1013 3660 1099 3721 uobis

86 3761 278 3837 cogitantibus
309 3757 338 3840 (i.
370 3777 395 3818 e.
426 3751 628 3845 abstrahendo)
652 3766 795 3840 evenerit,
822 3764 884 3841 jam
904 3779 987 3825 suam
1008 3765 1100 3841 ipsius

85 3871 217 3924 naturam
238 3866 358 3924 induere
377 3865 503 3952 uidetur,
527 3874 556 3926 et
578 3871 646 3943 quia
663 3871 781 3941 nonnisi
802 3870 976 3930 removendo
995 3868 1098 3930 discri-
