2704 4560
681 355 728 436 dd

182 541 283 626 Ergo
320 545 357 606 in
392 550 555 622 utraque
591 546 818 610 antinomias
854 550 1099 630 parte-unum
1128 559 1221 610 suae

182 654 301 730 ipsius
324 655 470 710 naturae
491 659 688 728 repugnat.
732 651 809 713 Nem
833 654 867 713 in
888 652 965 714 thesi
995 653 1220 726 dernenstretuu

182 774 273 815 unum
295 757 359 814 siue
382 753 444 813 ulla
467 755 636 815 discrimine
651 774 760 814 vanum
779 772 844 815 esse
865 762 954 832 atque
970 757 1129 832 inane;.·iu
1143 757 1221 814 anti-

182 861 268 933 thesi,
290 874 391 932 unum,
414 861 440 918 si
462 877 481 916 a
502 865 597 922 santet
618 862 684 936 ipso
707 858 838 934 differat,
861 862 893 921 in
914 866 1103 922 autumnum
1123 875 1222 921 rerum

183 963 330 1024 contrade
351 962 491 1024 incidere.
639 1019 641 1026 ,
1002 1016 1006 1024 ,
1103 998 1106 1015 ·

250 1064 337 1140 Quod
359 1065 477 1140 quidem
500 1071 529 1124 et
551 1068 582 1126 in
597 1064 682 1128 thesi
701 1071 742 1126 et
772 1069 804 1127 in
825 1065 966 1130 matthat
987 1073 1105 1148 uniunt
1126 1067 1220 1144 auset,

182 1176 215 1229 ut
240 1172 328 1230 certis
350 1171 528 1244 argumentis
550 1169 702 1247 probetur,
726 1176 760 1231 ut
781 1176 975 1246 suppanatm.
1041 1222 1044 1232 .

248 1273 353 1334 Totius
376 1275 464 1347 igitur
485 1275 665 1334 antinomias
688 1291 803 1335 summa
824 1277 855 1334 in
878 1292 913 1336 ee
935 1276 1034 1351 posita
1057 1280 1113 1350 est,
1132 1275 1216 1351 quod,

182 1382 207 1438 si
231 1381 297 1455 quis
320 1378 428 1436 unius
450 1383 614 1439 naturam
637 1393 705 1438 erim
726 1376 804 1439 thesi
831 1385 862 1438 et
890 1381 1089 1440 essentiam
1117 1381 1219 1440 unius

184 1500 251 1540 cum
274 1481 415 1541 antithesi
429 1481 651 1542 abstractam
674 1487 704 1540 et
718 1489 920 1568 separatam
934 1485 1018 1559 quasi
1030 1483 1128 1558 aeeipi
1139 1481 1221 1558 uelit,

183 1604 289 1645 unum
301 1603 376 1643 erun
392 1588 555 1644 essentia
570 1585 742 1662 conjungi
754 1589 888 1663 nequit,
911 1588 994 1663 quin
1007 1600 1093 1646 suae
1108 1588 1223 1663 ipsius

182 1692 324 1750 nationi
345 1694 530 1765 repugnet.

249 1791 337 1868 Quod
358 1799 458 1852 autum
479 1795 585 1854 iunius
602 1794 766 1852 essentia
781 1791 871 1852 talis
886 1792 1124 1868 intelligitur,
1140 1808 1224 1870 qua-

182 1897 230 1956 lis
259 1891 417 1976 (prepter
440 1898 645 1974 discrimen,
670 1897 765 1972 quod
787 1899 906 1973 ipsius
935 1899 1074 1958 notioni
1096 1897 1225 1958 inhae-

181 1998 270 2083 reat)
293 2003 406 2078 spatii
434 2003 686 2079 temporisque
715 2004 878 2062 terminis
909 2008 1124 2079 exponatur,
1155 2000 1224 2064 hec

183 2106 324 2181 quidem
346 2107 575 2183 supponitur,
599 2123 670 2172 neu
692 2109 921 2182 argumentis
943 2107 1118 2166 firmatura

248 2209 324 2268 Tum
345 2226 416 2268 vero
440 2227 516 2285 quae
545 2209 698 2286 hueusque
728 2209 886 2272 dialectice
919 2214 1055 2290 expositu
1078 2217 1156 2287 siunt,
1180 2213 1224 2270 sie

182 2332 214 2372 se
236 2313 365 2372 habeut:¹

153 2398 155 2401 ¹
287 2414 314 2497 i)
338 2415 431 2475 Thesi
455 2419 677 2478 concedendum
699 2425 760 2494 est,
792 2436 898 2478 usurum
928 2417 1061 2495 absque
1083 2419 1221 2478 diseri·

338 2523 430 2579 mine
458 2523 612 2598 eogitari
633 2539 703 2580 nen
724 2535 842 2598 pesse.
888 2520 980 2597 Erga
1010 2539 1117 2582 unum
1145 2538 1220 2578 uon

337 2626 529 2700 cogitatur.
560 2626 636 2686 Nam
647 2643 748 2703 unuin,
772 2605 950 2688 discriminis
964 2641 1076 2705 expers,
1098 2636 1156 2680 neu
1172 2626 1217 2678 est

337 2747 437 2787 unum.

286 2829 314 2912 2)
339 2833 504 2894 Antithesis
526 2838 631 2897 nrerite
662 2835 765 2902 docet:
798 2838 859 2894 uni
887 2839 1037 2911 prepter
1062 2834 1222 2890 eontra-

336 2939 427 2996 riam
449 2940 566 3015 ipsius
588 2944 753 3000 naturam
776 2939 933 2998 externis
955 2923 1068 3008 spatii
1085 2937 1223 3000 ῐιηῑιιθ·

337 3042 459 3118 risque
482 3043 618 3104 sinibus
642 3046 810 3120 exposito
833 3034 1102 3110 qualiacunque
1126 3042 1222 3088 0⁰¹1·

337 3149 450 3206 traria
472 3150 620 3209 attribui
642 3161 756 3221 pesse.

246 3248 318 3310 Inde
340 3249 445 3328 procul
469 3253 559 3312 dubie
581 3249 721 3320 sequitur,
744 3245 777 3300 ut
799 3252 903 3294 uuum
930 3239 973 3294 et
992 3232 1222 3296 discriminis

181 3351 289 3429 plane
320 3372 449 3434 expers
480 3359 516 3412 et
545 3343 789 3406 multitudiuis
816 3343 987 3400 externae
1018 3342 1222 3402 centrariis

181 3457 366 3534 affectum,
390 3470 475 3517 suaa
496 3451 615 3524 ipsius
637 3451 790 3506 naturae
812 3444 953 3521 pariter
973 3451 1156 3522 repugnet

248 3560 345 3636 Quam
373 3554 494 3630 quidem
520 3553 672 3614 notionem
700 3555 734 3610 ut
760 3551 902 3610 intactam
929 3555 1019 3626 atque
1041 3547 1222 3629 ineolumem

180 3677 342 3732 servemus,
364 3654 439 3714 nihil
460 3654 541 3717 aliud
563 3660 666 3732 restat,
689 3657 758 3731 niel,
781 3660 814 3714 ut
835 3655 922 3712 unius
944 3657 1050 3712 natura
1077 3650 1144 3713 tatis
1168 3669 1221 3712 eo-

181 3771 303 3842 gitetur,
328 3759 433 3837 qualis,
457 3779 547 3838 quum
568 3762 633 3837 ipsa
656 3778 675 3818 a
696 3777 729 3820 se
751 3762 817 3837 ipse
840 3757 963 3832 differat,
987 3762 1086 3815 tamen
1108 3774 1168 3815 nen
1190 3760 1221 3816 in

182 3873 333 3926 externam
355 3864 575 3932 rrruitttudiuem
596 3865 728 3943 digressa
749 3866 796 3928 sui
822 3865 919 3942 ipsius
943 3861 1091 3937 jaetluam
1117 3859 1218 3922 iaciat.
