2704 4560
891 281 913 322 δ

596 357 643 432 tt

165 543 269 624 Neque
290 543 380 621 igitur
392 541 530 620 cuiquam
544 541 697 604 inhaerere
711 546 813 622 potest
826 535 1006 620 magnitudo,
1032 536 1142 616 quippe

96 668 178 728 quae
200 649 337 730 ejusdem
358 651 482 705 naturae
505 649 554 722 slt,
572 647 657 724 cujus
671 651 811 726 parvitas.
842 645 920 724 Ergo
935 641 1143 720 magnitudo
1214 670 1224 685 ·

97 755 246 832 quidem
267 755 433 830 ipseper
455 766 491 810 se
513 752 634 827 ipsam
662 758 732 828 est,
755 766 968 828 magnanon
994 746 1144 808 item.¹¹⁰

144 855 252 934 Itaque
275 872 376 914 unum
399 868 467 914 omn
488 869 584 932 neque
606 861 701 916 semet
721 857 796 934 ipso
817 870 913 931 neque
935 852 1002 912 aliis
1013 854 1066 910 aut
1078 863 1143 908 ma·

99 961 152 1038 jus
177 960 346 1020 autminus
369 975 435 1018 csso
458 963 562 1035 queat,
586 957 835 1036 sibialiisque
858 955 1006 1035 aequale
1030 954 1144 1012 est¹¹¹

171 1063 275 1140 Neque
289 1079 359 1122 vero
378 1061 623 1139 inaequalitas
639 1068 690 1122 aut
700 1064 751 1122 mni
762 1068 814 1123 aut
829 1060 896 1122 aliis
911 1061 1014 1135 deerit,
1037 1058 1064 1116 si
1079 1056 1144 1132 quis

104 1183 184 1242 quac
206 1172 378 1244 argumenta
396 1165 459 1244 jam
481 1183 571 1243 supra
584 1163 677 1224 allata
690 1169 759 1242 sint,
783 1169 814 1226 in
828 1166 1000 1224 memoriam
1010 1159 1145 1222 revocari

102 1268 187 1328 velit.
232 1271 317 1334 Deus
340 1272 421 1329 enim
443 1267 504 1343 ille,
529 1269 580 1343 qui
601 1253 742 1345 tanquau‘r
764 1286 800 1329 ex
827 1267 965 1328 rurachina
991 1263 1145 1324 adducitur

101 1373 251 1450 nobisque
271 1374 335 1451 jam
357 1372 516 1448 aliquoties
540 1375 683 1448 occurrit,
713 1373 771 1433 hoc
802 1375 892 1433 ctiam
920 1369 989 1432 loco
1011 1372 1142 1446 apparet,

101 1482 138 1534 ut
160 1478 250 1536 nexui
273 1474 440 1551 dialectieo,
464 1475 523 1550 qui,
549 1476 713 1535 cavendum
726 1482 779 1552 est,
803 1493 841 1535 ne
863 1475 939 1536 iorte
955 1471 1142 1545 dissolvatur,

103 1595 215 1636 novum
238 1578 385 1654 quoddam
406 1580 518 1638 inserat
538 1580 710 1639 membrum.
758 1577 826 1656 Qua
848 1581 927 1641 enim
955 1579 1069 1637 ratione
1092 1590 1144 1634 ae-

106 1678 251 1756 qualitem
273 1684 304 1740 in
326 1699 385 1742 uno
409 1683 491 1762 etin
513 1682 579 1742 aliis
602 1684 816 1760 argumentatio
845 1690 946 1744 nostra
967 1679 1066 1740 valere
1088 1678 1143 1740 do·

106 1787 209 1861 cuerit,
233 1801 270 1844 ea
288 1784 352 1862 jam
374 1787 492 1848 omnino
521 1788 655 1864 impediti
674 1803 740 1848 esse
762 1787 904 1863 videmur,
928 1787 1083 1864 quominus
1106 1781 1144 1840 ad

105 1887 413 1964 inaequalitatem
442 1891 532 1950 etiarn
554 1890 727 1950 deseramur.
772 1890 849 1950 Nam
869 1891 896 1949 si
919 1891 984 1965 quis
995 1887 1144 1963 magnitu-

103 1992 204 2050 dinem
225 1997 314 2067 atquc
336 1996 514 2068 parvitatem
534 2011 631 2071 neque
654 1995 685 2051 iu
706 2010 765 2053 uno
788 2008 884 2068 neque
906 1995 937 2050 in
959 1989 1027 2050 aliis
1042 1987 1142 2048 valere

102 2094 193 2171 velit,
217 2096 243 2154 is
265 2095 401 2171 prolecto
425 2098 556 2172 cogitur,
586 2102 620 2154 ut
647 2098 787 2155 continuo
811 2096 1018 2172 disputationis
1041 2092 1142 2154 ordine

102 2201 277 2274 interrupto,
301 2195 419 2257 aliunde
442 2215 552 2256 novum
565 2198 712 2275 quoddam
726 2198 841 2276 injiciat
855 2203 1066 2274 argumentum,
1084 2212 1142 2272 quo

105 2300 223 2376 quidem
245 2307 336 2360 unum
358 2299 475 2378 aliaque
497 2303 706 2378 magnitudinis
730 2307 760 2361 et
781 2303 937 2379 parvitatis
966 2307 1071 2360 natura
1093 2301 1141 2358 iu-

106 2403 241 2463 duantur.
288 2402 392 2482 Itaque
416 2403 595 2482 philosopho
618 2423 693 2484 quae
719 2380 809 2484 supra
836 2403 927 2466 allata
957 2410 1028 2466 sunt
1053 2421 1141 2482 argu·

103 2513 211 2584 menta,
235 2507 285 2568 hle
308 2508 404 2568 denuo
427 2509 603 2569 assumenda
625 2527 691 2570 esse
713 2510 858 2570 videntur.

170 2609 359 2688 Quodssenim
381 2630 472 2673 unium
493 2615 524 2672 in
546 2616 728 2691 semetipso
761 2620 820 2689 est,
851 2615 961 2689 pariter
988 2629 1021 2672 sc
1042 2613 1141 2690 ipsum

105 2714 353 2792 comprehendere
376 2721 466 2791 atque
488 2733 507 2772 a
529 2733 562 2774 se
584 2718 650 2792 ipso
681 2714 890 2792 comprehendi
914 2715 1009 2773 debet.
1055 2713 1140 2774 Unde

104 2817 145 2895 fit,
168 2823 202 2876 ut
222 2835 313 2879 unum
335 2824 480 2894 quatenus
504 2817 743 2894 comprehendat,
766 2817 872 2896 maius,
897 2822 1041 2896 quatenus
1056 2833 1140 2878 com-

103 2921 309 3000 prehendatur,
333 2923 548 2984 minus'semet
568 2923 634 3001 ipso
657 2923 771 2984 existat.
785 2923 828 2960 ¹¹¹

107 3081 323 3092 ,—--.-.

87 3192 165 3237 ·¹¹⁰
192 3181 320 3250 0dd'''
297 3209 370 3290 αρα
391 3185 598 3268 μέγεθος
579 3192 708 3256 noscat
729 3184 769 3248 ἐν
790 3180 900 3264 αυτῷ·
924 3188 962 3250 cf
987 3205 1061 3266 qs.

58 3255 108 3354 ¹⁵9
189 3271 266 3333 τῦτο
287 3272 324 3333 dd
346 3269 521 3348 adductos,
543 3269 663 3380 ἐπειδη
688 3269 858 3379 σμικρότης
879 3266 986 3372 &dauri
1008 3272 1062 3334 ἔνι.

67 3394 95 3446 E
125 3361 164 3398 ¹¹¹
191 3355 254 3418 nat
274 3355 345 3440 μην
362 3357 414 3420 καὶ
435 3356 516 3424 αὐτό
536 3381 570 3440 γε
590 3357 630 3421 το
650 3359 686 3421 ἓν
692 3355 790 3466 πρός
805 3353 901 3420 lacco
915 3379 995 3430 arag
1011 3379 1053 3422 αν
1064 3357 1138 3460 ἔχοι

187 3439 276 3548 μητε
296 3445 472 3523 μέγεθος’
453 3467 489 3508 εν
518 3441 621 3525 ἑαυτῷ
648 3443 736 3528 μηίε
768 3442 963 3551 σμικρότητα
991 3437 1112 3525 ἔχον”
1092 3440 1140 3506 aa'

186 3523 228 3590 c'iv
250 3525 479 3636 υπερέχοιτο”
460 3530 506 3592 se'
527 3526 568 3594 ἂν
589 3529 742 3639 ΰριερέχοι
768 3528 875 3610 dcccci,
904 3526 984 3594 a‘tt
1013 3529 1094 3606 ἐξ”
1076 3546 1139 3594 cos

185 3635 229 3677 ov
251 3615 336 3679 ἴσον
359 3610 418 3678 ἀεὶ
419 3615 494 3720 εἴη
516 3614 647 3700 ἑαυτ“ᾥ.

187 3698 239 3763 Τιι
261 3695 346 3766 ist
320 3699 759 3810 αραὲαυτῷτεκαιτοϊς
767 3697 1032 3776 addoctdoov'
1010 3723 1058 3765 αν
1067 3701 1139 3808 εἴη
1219 3715 1224 3726 ”

124 3793 163 3828 ¹¹¹
190 3786 252 3851 nat
275 3785 347 3874 μην
377 3785 461 3852 αὐτό
487 3811 521 3872 ys
547 3791 582 3852 ἐν
612 3787 715 3870 ἑαυτῷ
741 3783 779 3854 do
808 3789 861 3854 nai
882 3785 1074 3896 trepidante
1095 3809 1138 3852 αν

187 3872 234 3960 εἴη
256 3875 389 3955 ἔξωθεν,
416 3873 468 3941 καὶ
492 3882 671 3961 περιέχον
698 3879 768 3964 μὲν
789 3871 965 3966 μιϊζον’
949 3871 996 3993 ἂρ
1022 3871 1138 3943 ducti
