2704 4560
634 334 655 410 i

132 521 289 602 unicuique
318 513 475 582 multanun
502 537 598 582 rerum
627 519 725 600 aliqua
752 517 837 580 ideae
865 535 932 598 pars
954 515 1153 580 immaneat¹

72 617 75 622 ’
134 629 209 688 Turn
230 645 301 688 vero
323 631 461 702 sequatur
481 641 604 686 neeesse
627 634 672 688 est
693 628 788 704 ipsam
809 625 906 684 ideam
935 605 1000 684 esse
1030 623 1153 706 diuisam

131 739 220 825 atque
247 733 337 790 tatius
364 732 423 814 uim
450 736 479 788 et
504 737 638 796 reatinam
663 730 794 808 partibus
816 728 890 798 tolli.
905 731 931 765 ¹⁰
958 728 1035 789 Nam
1048 744 1154 804 magna

131 839 159 896 si
179 836 314 913 partiaris
329 851 419 912 parva
438 833 525 910 ιιιιιιι,Ι
543 851 635 912 parva
656 851 771 911 magna,
793 832 928 914 aequalia
948 831 1123 910 inaequalia.

198 936 263 1012 Quo
292 939 407 1014 quidern
429 939 515 998 inodo
544 957 614 1014 sane
635 937 709 998 nibil
731 937 812 998 alind
832 938 985 1014 probatum
1009 927 1071 1014 est,
1095 938 1152 997 nisi

131 1057 206 1117 quae
228 1043 389 1105 intercedat
410 1045 486 1103 ratio
508 1045 584 1102 inter
604 1050 701 1104 totum
722 1048 753 1102 et
773 1047 880 1119 partes,
912 1059 978 1116 earn
996 1043 1170 1101 contrariis

130 1145 235 1204 iisdem
246 1147 401 1208 sunniam
422 1145 494 1234 fieri,
519 1148 625 1224 quibus
646 1146 797 1223 implicata
817 1148 857 1206 sit
872 1147 1082 1222 quantitatis
1097 1163 1152 1206 na-

128 1255 202 1308 tura.
260 1249 333 1310 Cum
362 1255 413 1308 aut
415 1268 461 1308 em
495 1265 568 1326 quae
602 1252 676 1310 ratio
709 1250 863 1323 intercedit
894 1251 970 1308 inter
999 1255 1043 1308 ιοι
1044 1268 1093 1308 um
1123 1255 1152 1308 et

127 1361 227 1429 partes
257 1372 293 1414 ea
323 1355 496 1440 quantitatis
523 1343 642 1412 notione
673 1355 812 1446 οιιιιιιιιιι·
820 1370 880 1414 non
907 1369 976 1412 vere
1006 1359 1150 1430 tangatis,

129 1474 180 1515 eur
202 1474 311 1533 quaeso
338 1457 426 1534 huJ'us
449 1433 593 1518 centraria
621 1455 667 1518 illi
703 1438 809 1517 rationi
837 1456 1054 1578 attribuuntur?
1085 1455 1150 1516 Hae

115 1559 245 1634 -quidem
263 1559 343 1636 justo
367 1557 493 1622 celerius
514 1560 649 1621 effectum
671 1578 736 1622 esse
750 1559 906 1620 uidetur..
1032 1561 1034 1568 '

192 1661 275 1722 Sed'
262 1681 325 1739 Janr
341 1681 357 1723 e
373 1665 569 1761 disputatione
582 1672 683 1726 nostra
697 1672 830 1744 apparet·
846 1683 900 1725 res
916 1633 1007 1750 “¹¹¹¹
990 1671 1043 1725 tas
1058 1665 1149 1726 ideis
1174 1703 1188 1716 -

125 1783 235 1842 neque
255 1769 449 1830 seeundum
463 1776 558 1840 tatas
573 1787 687 1846 neque
703 1769 894 1833 secundum
906 1777 1027 1848 partes
1042 1787 1149 1847 pesse

125 1873 359 1948 participare
373 1874 398 1908 ¹¹

191 1973 275 2036 Sicut
302 1977 370 2036 idea
398 1979 424 2038 si
453 1937 547 2052 tetam
570 1978 751 2054 divisamque
773 1976 988 2045 intellexeris
978 1996 1011 2036 m
1032 1979 1149 2054 quanti-

124 2079 194 2146 tatis
217 2082 362 2144 contraria
382 2081 520 2156 incurrit
491 2084 592 2140 tita
619 2077 682 2140 fieri
704 2084 821 2156 nequit,
850 2088 884 2142 ut
910 2079 1042 2158 singulae
1064 2081 1148 2140 ideae

124 2188 240 2256 praeter
260 2198 308 2240 res
330 2181 436 2241 multas
458 2178 583 2258 inteiligi
605 2186 720 2259 possint
741 2201 829 2242 verae
851 2187 986 2262 uriiiates.
1025 2183 1100 2248 Nern
1121 2186 1148 2244 si

125 2300 183 2340 una
214 2284 358 2359 quaedam
386 2285 453 2360 idea
467 2303 534 2362 iper
563 2289 673 2347 emnia.
686 2290 854 2366 respicienti
877 2290 1060 2372 genusntibi
1082 2305 1147 2348 esse

123 2386 283 2463 videbitur,
307 2389 384 2446 unde
399 2387 459 2448 alia
474 2408 549 2467 quae
563 2398 631 2464 sunt
645 2392 770 2453 derivari
784 2391 868 2469 velis,
885 2394 1037 2472 apparebit
1050 2394 1148 2455 ideam

122 2508 357 2600 unamquarpque
379 2495 405 2553 si
429 2511 501 2552 curn
516 2495 604 2556 rebus
625 2495 724 2557 multis
755 2501 971 2575 comparaveris
997 2497 1060 2575 jam
1086 2515 1146 2574 non

121 2611 185 2654 esse
215 2613 302 2654 unam
328 2597 383 2657 sed
412 2614 556 2658 numero
586 2603 704 2676 patius
737 2601 925 2668 infinitam.
939 2606 966 2639 ¹2
1016 2601 1144 2664 Tantum

121 2701 199 2756 enim
220 2698 304 2759 abest
325 2707 358 2759 ut
379 2701 454 2776 idea,
478 2718 552 2776 quae
575 2705 614 2762 sit
639 2702 784 2780 generans
808 2705 954 2780 quaedam
975 2707 1072 2802 unitas
1096 2721 1145 2765 res
1256 2728 1260 2736 ¹

118 2923 185 2930 ...ι-.-
202 2924 258 2930 -..-

164 3088 177 3124 ⁹
202 3075 380 3185 Μεριςα”
357 3102 422 3166 aaa
450 3082 514 3152 deese
536 3081 632 3148 αυτοὶ
653 3108 699 3148 τα
724 3083 812 3194 εἴδη,
834 3077 893 3151 κὰι
907 3111 954 3152 τα
946 3085 1142 3191 μετέχοντα

71 3115 118 3218 131
206 3164 312 3230 αὐτῶν
341 3174 452 3274 μέρος
464 3191 506 3233 αν
535 3178 661 3278 μετέχοι
686 3171 738 3234 καὶ
765 3171 848 3237 ander
876 3177 912 3239 dv
934 3172 1032 3256 ἑκᾶςῳ
1053 3165 1140 3253 ὅλον,

79 3236 107 3290 ⁰·
206 3249 286 3314 diui
306 3253 452 3339 pepeg‘
437 3252 612 3337 εκαςῳᾶν
634 3261 749 3367 ἐνείη.

77 3355 106 3410 c
153 3343 179 3379 ¹⁰
199 3327 249 3400 H
265 3329 304 3400 εἶν
324 3338 502 3426 ἐθελήσεις,
523 3341 626 3428 φάναι
645 3369 686 3410 eu
680 3344 746 3410 ἓν
768 3337 867 3420 εἶδος
894 3369 911 3411 ν
903 3351 979 3433 μιν
1003 3309 1043 3436 τῇ
1067 3347 1140 3436 (ἰλη-

202 3427 281 3510 θείᾳ
300 3427 556 3536 μερίζεσθαι.
559 3430 611 3495 καὶ
631 3434 685 3496 ἔτι
705 3434 757 3496 ἓν
765 3435 912 3510 dranis.

78 3525 108 3580 n
154 3515 180 3551 ¹¹
208 3501 330 3574 Τίνα
309 3533 347 3575 εν
368 3512 490 3620 τρόπον
510 3519 574 3582 τῶν
595 3515 688 3584 εἰδῶν
710 3537 761 3584 σοι
781 3515 883 3585 adita
902 3521 1031 3608 peratp'
1030 3531 1138 3634 ψετιιι,

199 3597 255 3684 μη
258 3621 297 3661 τε
318 3622 413 3664 κατα
434 3611 537 3690 μέρη,
558 3604 614 3690 μη
617 3625 657 3669 τε
678 3604 773 3672 κιττοὶ
801 3599 871 3672 eda
899 3609 1138 3695 μεταλαμβά-

202 3704 277 3748 νειν
299 3684 480 3769 dvuee'pte'eec5

69 3759 118 3863 ¹3⁶2
165 3776 191 3812 ¹²
215 3773 278 3836 Καὶ
305 3771 408 3838 οὐκέτι
431 3774 502 3884 er
511 3778 550 3843 ἓν
578 3778 718 3852 ἕκαςόν
746 3781 1136 3861 aporeverentiam,

77 3881 106 3937 B.
205 3855 314 3924 ἀλλ’
292 3882 438 3949 απειρα
458 3859 502 3932 νυ
522 3864 690 3966 νιληθος.Ι
