2704 4560
590 361 636 434 113

130 473 141 504 1

99 555 295 614 diversitatem
318 567 354 608 en
377 550 465 608 nnius
486 546 663 622 alteriusque
683 547 802 604 notione
823 547 986 619 tentaverit,
1008 563 1044 604 ex
1058 541 1111 605 ille

95 655 263 733 disputandi
284 655 399 715 ratione
421 667 590 729 cognoscas,
625 667 682 726 qna
703 667 790 710 unum
823 647 906 711 alteri
938 648 1015 710 idem
1046 665 1112 710 esse

92 761 259 820 edoceatur.
625 755 630 764 “

158 861 246 938 Quod
268 863 346 923 enirn
367 861 520 922 diversitas
542 873 601 920 non
622 859 653 918 in
669 855 789 934 aliquo
802 851 988 936 (ἔντυνιτῶν
1000 847 1110 938 ὄντων)

95 973 158 1026 ess'e
179 971 287 1044 potest,
310 964 497 1041 qnidobstat,
520 963 792 1039 quominusinuno
814 966 851 1020 et
871 962 907 1054 in
927 958 1040 1022 altero
1061 963 1110 1036 sit,

92 1072 149 1130 nisi
172 1070 246 1130 iorte
268 1083 335 1128 eum
356 1067 474 1144 aliquo
495 1083 598 1127 unum
619 1073 654 1126 et
674 1064 821 1124 alterum
841 1081 959 1142 prorsus
980 1081 1111 1128 notuimu-

93 1171 209 1232 tentur?
251 1171 296 1233 Ita
317 1172 434 1248 quidem
455 1169 604 1248 sophistae
625 1173 817 1246 ergmneutari
837 1167 941 1230 solent.

155 1274 218 1336 Has
240 1279 355 1339 criticas
377 1277 580 1336 adnotationes
600 1273 649 1334 hic
670 1276 836 1348 inserimus,
860 1275 936 1350 quia,
962 1289 1037 1350 quae
1051 1291 1112 1336 nou

94 1381 167 1440 satis
190 1379 346 1442 dialectice
362 1373 518 1460 ‘explicata
539 1386 626 1456 atque
647 1379 760 1439 firnata
780 1383 863 1453 sunt,
894 1393 929 1438 ea
957 1379 1005 1438 vix
1026 1379 1110 1440 nobis

94 1483 269 1560 accipiundo
289 1499 355 1544 esse
376 1485 517 1544 videntur.
562 1482 628 1544 Hnn
650 1476 877 1557 aceedit,.quod
900 1487 1034 1542 externus
1058 1481 1109 1544 ille

91 1581 272 1660 singidonum
300 1596 532 1662 argrmtentorum
557 1604 649 1658 nepus
674 1595 704 1646 et
725 1585 870 1646 adhibitae
891 1587 1036 1648 interdum
1057 1603 1108 1648 so·

90 1687 253 1766 phistarum
274 1696 351 1752 artes
373 1691 410 1750 ad
430 1691 649 1770 perspiciundes
665 1677 992 1769 quasdamParmeuidis
1006 1693 1105 1768 partes
1158 1763 1163 1784 ι

88 1791 264 1870 permultum
285 1793 410 1855 afferunt
431 1795 617 1864 diliieultatis.

152 1896 212 1958 Sed
233 1902 365 1974 quemvis
381 1900 512 1982 singulis
533 1887 663 1982 partitus
684 1905 765 1960 rente
789 1898 1008 1976 emunientandi
1032 1901 1108 1972 ratio

89 1999 174 2075 desit,
198 2009 361 2078 satamon,
385 2023 459 2081 quae
489 2003 594 2064 eiieota
618 2011 701 2079 sunt,
730 2005 895 2081 praemissis
914 2010 1126 2067 consentanea

87 2102 230 2164 videntur.
264 2104 362 2166 Unum
374 2110 467 2181 enim,
496 2125 562 2167 oum
584 2111 710 2168 essentie
729 2109 928 2186 participando
950 2110 1106 2186 interum,

87 2223 164 2281 quae
198 2215 275 2281 sunt,
309 2207 526 2270 multitudinem
551 2212 710 2288 dgrsssram
742 2215 789 2288 sit,
822 2230 875 2290 per
895 2229 928 2273 se
948 2219 1030 2292 potet
1051 2213 1107 2274 sibi

88 2310 148 2386 ipsi
169 2325 229 2368 non
250 2310 346 2373 minos
369 2328 456 2388 quarn
477 2312 544 2373 aliis
566 2321 596 2374 et
610 2314 688 2374 idem
703 2331 767 2376 esse
789 2323 819 2376 et
829 2315 960 2378 alterum.
995 2315 1107 2392 Quibus

86 2414 232 2488 expositis
254 2412 428 2491 explicanda
448 2424 550 2478 nostra
570 2418 706 2480 antithesi
727 2436 941 2498 persequemur,
964 2440 1059 2500 quam,
1081 2424 1117 2484 si·

85 2513 149 2574 lieri
170 2518 273 2593 possit,
298 2522 467 2584 continuam
487 2523 525 2582 ad
542 2522 633 2590 linem
653 2523 854 2602 perducamus.

151 2617 248 2704 Unum
269 2623 366 2698 igitur,
392 2627 460 2700 quie
481 2627 537 2686 sibi
558 2631 614 2706 ipsi
636 2634 666 2688 et
691 2626 758 2687 eliis
778 2628 1026 2706 idemetquease
1040 2632 1106 2708 ipso

85 2726 115 2779 ot
138 2721 175 2780 ab
198 2723 596 2803 aliisaltemmest,simile
618 2747 758 2805 quoque
781 2736 816 2789 et
837 2732 1013 2793 dissimile
1034 2734 1107 2796 sibi

83 2824 158 2901 ipsi
180 2830 215 2882 et
237 2825 323 2886 aliis
346 2835 409 2889 est.
421 2833 449 2867 ⁹⁹
499 2828 573 2891 Cum
595 2835 672 2891 enim
692 2833 865 2894 diversitatis
895 2837 1021 2896 conditio
1047 2844 1107 2899 tam

82 2929 135 2986 uni
158 2928 322 3004 quemaliis
335 2939 490 3010 conpetat,
512 2951 571 2994 una
593 2923 786 3013 eademque¹
805 2938 1105 3020 ,conditiontrisque

83 3035 233 3108 convenit,
256 3035 286 3092 in
313 3053 369 3113 que
392 3039 508 3114 quidem
531 3039 665 3100 similia
686 3047 761 3103 sunt.
775 3045 817 3082 ¹⁰⁰
1080 3049 1082 3058 '

149 3133 181 3198 Si
203 3143 300 3200 eutem
322 3159 412 3202 unum
435 3149 465 3202 et
486 3142 554 3219 elia,
578 3147 646 3222 quia
666 3147 741 3206 mter
762 3163 827 3208 sese
849 3147 1037 3229 differunt,
1061 3151 1103 3211 si-

88 3324 283 3338 “—

22 3457 76 3563 ,ᾖ
115 3453 144 3492 ⁹⁹
165 3437 223 3534 Ἀῤ
243 3441 281 3514 ἓν
302 3451 354 3514 καὶ
375 3445 510 3537 ὅμοιόν
531 3479 571 3522 τε
591 3458 654 3524 καὶ
674 3459 855 3544 ἀνόμοιον
870 3462 1039 3548 &nospes
1053 3465 1104 3532 καὶ

29 3579 53 3632 C
169 3537 234 3609 τοῖς
256 3532 379 3614 mom
979 3601 981 3606 .

29 3617 62 3717 p]
104 3629 147 3664 ¹⁰⁰
167 3607 225 3686 Ἧι
244 3618 310 3710 ἄρα
330 3627 439 3712 &appu
459 3632 523 3695 ulio
545 3625 647 3696 ἄλλων
668 3631 707 3697 τό
726 3637 762 3698 ἓν
782 3636 834 3700 ael
853 3633 955 3702 τᾶλλα
975 3639 1101 3720 reeta,
1131 3654 1136 3666 “

22 3717 75 3770 148
167 3708 267 3774 κατά
298 3709 341 3776 τό
372 3714 491 3780 reond
521 3719 652 3804 ἕτερον
684 3727 928 3790 πεπονθέναι
953 3725 992 3790 aa
1013 3723 1100 3809 ἄλλο,

23 3789 58 3844 Α·
166 3793 262 3897 egilae*
293 3797 337 3862 sd
369 3798 463 3868 αὐτὸ
495 3799 543 3868 ἂν
570 3806 776 3884 πεπονθός
804 3811 859 3898 εἴη
887 3811 929 3878 sd
957 3815 1100 3900 ἓντοΐς

165 3880 301 3957 attere·
323 3884 367 3953 sd
386 3887 432 3953 δέ
453 3909 503 3956 ne
523 3891 667 3966 santet
687 3891 1054 3985 namneticis-dpereat·-
