2704 4560
617 329 666 408 ’63

116 539 236 587 rerum
259 518 447 586 multitudo
469 519 753 597 determinatur,
775 520 942 599 superati
964 526 1074 600 atque
1095 537 1155 583 ne·

119 629 197 708 gaii
220 636 313 689 sunt.
397 608 404 619 ’

188 728 294 812 (Darln
308 731 385 792 eben
394 729 514 793 besteht
528 732 576 790 die
590 728 774 808 speculative
786 727 872 789 Tiese
884 731 936 790 des
950 727 1156 808 platoniaehen

8 829 11 836 ’
119 836 350 913 Augenbliekes,
375 835 443 896 dass
466 839 497 894 in
518 835 592 894 ihm
615 835 672 893 die
694 831 932 893 Endliehkeit
955 833 1008 894 als
1031 833 1157 895 solche

121 941 366 1000 iiberwunden
389 936 458 1021 ist.)

187 1043 279 1123 Cujus
300 1044 403 1104 finitae
424 1051 547 1104 neumae
570 1059 638 1102 eum
661 1044 750 1101 etiam
771 1048 888 1119 tempus
910 1045 967 1120 sit,
995 1040 1070 1100 illud
1092 1059 1158 1101 mo-

123 1153 252 1206 mentum
270 1151 424 1225 ¹temperis
453 1147 527 1206 fines
556 1126 787 1222 transgrediamur
816 1161 939 1204 necesse
963 1151 1016 1204 eut.
1061 1144 1158 1206 Unum

124 1253 210 1328 enim,
234 1255 313 1312 sieut
334 1269 352 1310 a
374 1255 457 1310 mdtu
473 1254 510 1308 in
531 1253 640 1307 statum
662 1255 750 1324 atque
774 1251 924 1308 astatum
938 1254 1050 1307 umtum
1061 1253 1158 1307 trans·

121 1355 187 1414 iens
207 1371 304 1429 nuque
326 1361 394 1429 stat,
417 1369 513 1429 neque
530 1359 681 1427 movemu-
698 1355 740 1410 ita
766 1355 797 1410 in
819 1354 988 1411 transeundi
1010 1359 1160 1412 momento

124 1461 204 1516 inter
225 1459 325 1516 amnia
349 1459 494 1516 contraria
516 1457 600 1532 quasi
623 1457 751 1514 medium
773 1457 938 1517 intercedit.
964 1456 1041 1516 Nam
1056 1456 1162 1515 eodem

125 1561 213 1620 modo
236 1560 274 1620 ad
296 1565 411 1620 ceteras
432 1564 611 1620 mutationes
633 1577 699 1620 sese
721 1561 826 1620 habet:
850 1561 966 1638 quando
979 1577 1016 1618 ex
1032 1561 1162 1620 essentia

126 1659 170 1745 (ἐκ
191 1662 231 1722 aa?
252 1650 342 1746 εἶναι)
366 1666 399 1742 in
418 1666 568 1724 interituuu
584 1657 646 1744 ,(εἶς
668 1658 707 1723 τά
729 1657 949 1745 άπάλλυσάαι)
969 1667 1084 1740 migrat,
1106 1679 1161 1721 ne-

125 1785 182 1845 que
206 1775 260 1846 est,
283 1786 380 1846 neque
402 1785 463 1827 non
485 1775 539 1845 est,
563 1767 723 1844 nouandi,
747 1785 843 1844 neque
865 1759 981 1844 interit3
1004 1770 1113 1845 pariter
1126 1784 1163 1824 ex

124 1889 183 1932 uno
205 1876 335 1949 migrans
357 1876 388 1932 in
410 1872 504 1932 multa
526 1881 594 1932 ete
622 1869 723 1930 multis
752 1873 783 1929 in
812 1889 918 1948 unum,
948 1887 1044 1947 neque
1073 1887 1164 1927 unum

127 1981 181 2051 est,
203 1991 301 2051 neque
323 1976 426 2053 multa,
450 1993 547 2053 neque
571 1981 773 2051 congregatur,
796 1991 893 2051 neque
917 1975 1107 2050 disgregatur.
1122 1972 1164 2012 ¹⁴⁶

192 2075 277 2153 Quae
300 2095 368 2136 etun
382 2080 425 2136 ita
439 2081 508 2153 siut,
531 2083 712 2137 momentum
727 2077 915 2136 Platonicum
932 2071 981 2156 (τό
1001 2069 1163 2156 ἐξαίφνης)

127 2181 187 2238 tale
211 2197 276 2240 esse
297 2180 423 2255 videtur,
446 2183 482 2239 in
498 2179 608 2257 quali,
632 2184 663 2261 ai
684 2184 808 2241 insunt
828 2197 1065 2259 quaeeunque
1082 2196 1164 2239 eon-

128 2284 256 2360 traria,
276 2283 350 2360 jam
371 2300 441 2342 non
463 2287 626 2363 ipseper
648 2301 686 2345 ae
702 2286 959 2364 ipsavaleant,
983 2285 1047 2346 aed
1062 2285 1165 2362 quasi

128 2393 310 2447 momenta
332 2391 559 2449 evanuerint.

194 2485 271 2571 (Wir
291 2493 411 2554 kdnnen
433 2493 491 2552 den
512 2493 625 2572 Begriff
650 2495 703 2555 des
723 2493 940 2573 'platonieehen
961 2491 1164 2572 Auguublieka

128 2596 205 2654 auch
227 2595 317 2655 dahin
338 2597 523 2673 bestirrunen,
547 2599 637 2658 dass
660 2602 699 2658 in
720 2599 795 2657 ihm
817 2600 879 2656 die
903 2605 1165 2673 entgegenge-

129 2703 280 2757 setztan
302 2697 431 2756 Seiten
452 2699 561 2757 keine
584 2700 864 2776 selbsttindige,
887 2699 1059 2760 eundern
1081 2701 1165 2760 eine

129 2818 192 2861 nur
214 2807 440 2861 momentane
462 2801 676 2880 Bedeutung
698 2799 834 2884 haben.)

138 2977 347 2986 ——-——·———

149 3091 192 3127 146
217 3083 280 3148 liat
300 3081 338 3146 τά
360 3084 395 3145 ἓν
402 3080 508 3188 δη
473 3105 564 3168 ειπερ
579 3084 685 3190 d'cnne'
680 3106 717 3144 τε
737 3107 790 3148 και
811 3086 952 3160 κινεῖται,
973 3081 1168 3166 μεταβάλλοι

82 3137 133 3242 156
219 3165 260 3232 ἂν
282 3169 333 3252 ἐφ’
353 3166 496 3276 ἑκάτερα·
518 3170 625 3251 μόνως
645 3168 705 3253 γάρ
727 3168 768 3234 άν
790 3161 870 3242 ἕτως
886 3167 1085 3279 άμφάτερα
1071 3175 1168 3236 ποιοῖ·

93 3256 122 3308 E·
220 3254 468 3337 μεταβάλλον
501 3255 530 3318 d
562 3259 753 3368 ἐξαίφνης
787 3254 996 3340 μεταβάλλει,
1033 3281 1085 3320 και
1113 3280 1169 3322 ατε

215 3339 458 3423 μεταβάλλει,
440 3360 483 3406 εν
498 3339 587 3409 α’δενὶ
590 3367 710 3454 χρονῳ
731 3367 774 3408 αν
798 3343 880 3451 εἴη,
881 3343 948 3408 εἰδὲ
968 3341 1101 3408 κινοῖτ’
1122 3339 1168 3407 άν
1272 3345 1286 3370 ’

95 3460 120 3510 p.
219 3425 320 3507 τότε,
339 3425 437 3490 ad
415 3436 574 3535 ανςαίη.
590 3422 669 3535 ’ᾏΑρ
679 3426 718 3495 εν
740 3423 804 3493 άτω
828 3454 881 3493 και
872 3453 998 3540 προς
1019 3427 1089 3503 τάς
1109 3426 1167 3493 άλ-

83 3513 132 3567 157
218 3511 285 3586 λας
301 3512 522 3598 μεταβολάς
538 3511 669 3599 ἔχει
648 3520 780 3582 ατανὲκ
800 3509 1166 3624 τέεἶναιεῑςτόάπόλ-

88 3582 118 3633 Α·
219 3598 341 3666 tendat
360 3601 587 3712 μεταβάλλῃή
608 3607 642 3668 ἐκ
660 3607 700 3668 τᾶ
720 3627 802 3690 μηε
786 3595 912 3668 εἶναι
882 3627 925 3676 εις
939 3626 978 3666 το
971 3601 1164 3686 yryneddat·

215 3685 368 3766 μεταξά
394 3709 509 3754 τινων
538 3690 627 3756 τότε
654 3697 841 3797 γίγνεται
868 3689 1029 3793 mvu'denr‘v
1053 3713 1089 3752 τε
1113 3688 1167 3754 καὶ

219 3770 352 3872 ςάσεων,
374 3773 427 3838 καὶ
441 3769 495 3838 dte
518 3778 572 3847 ἔςι
587 3776 673 3843 τότε
687 3774 742 3843 έτε
763 3801 804 3841 ex
820 3779 907 3858 ἔςιι,
929 3773 983 3842 ἴτε
998 3780 1168 3860 γιγνεται

218 3851 273 3921 ὅτε
294 3859 534 3940 maddi-vtum
556 3867 597 3930 ef.
621 3887 649 3946 q
672 3885 696 3931 s.
719 3867 753 3927 Β.

974 3953 1015 4014 5.
