2704 4560
631 365 679 440 55

136 562 340 636 conparatum
363 569 443 631 esse,
457 557 621 633 ·primaria
642 560 742 613 tamen
756 558 928 629 argmnenta
939 562 975 612 ex
989 552 1072 630 ipsis,
1097 565 1171 630 quae

85 679 88 683 ·
136 664 310 740 suppositae
337 665 423 736 sunt,
453 660 623 720 notionibus
656 656 751 734 elici,
778 657 865 717 uobis
895 659 968 717 satis
998 657 1173 735 explanasse

136 767 279 826 videmur.
358 789 361 797 ·

137 912 140 920 .
193 870 369 930 Praeterea·
385 873 485 926 autem
507 867 544 926 ad
566 873 658 926 totam
685 867 876 929 antinomiam
905 871 987 924 recte
1017 870 1047 923 et
1074 867 1175 924 critice

136 974 327 1053 judicandam
347 972 405 1032 hoc
428 973 615 1051 potissimum
636 968 802 1044 intelligere
825 969 976 1045 debemus,
999 971 1175 1045 quemodo

139 1075 383 1156 philosophus
406 1095 425 1134 a
447 1076 658 1136 discrimine
680 1077 762 1150 ipso
784 1088 900 1148 perse
921 1075 1037 1150 ipsum
1052 1075 1177 1132 statim

144 1181 186 1239 ad
208 1189 434 1240 externarum
455 1193 573 1238 rerum
595 1178 809 1237 discrimine
831 1177 1093 1252 progrediatur.

207 1283 280 1349 Nam
303 1287 490 1362 parentius
513 1283 743 1364 partiumque
772 1281 982 1355 rationem,
1015 1292 1111 1355 quae
1135 1298 1179 1338 ex

142 1388 311 1448 Platonis
331 1389 523 1446 sententia
544 1385 704 1462 logicam
733 1385 961 1442 discriminis
988 1386 1178 1442 notionem

142 1491 350 1568 significat,
376 1496 526 1549 externa
546 1487 615 1548 illa
636 1490 750 1566 spatii
772 1490 1021 1564 temporisque
1045 1487 1180 1547 discri-

145 1594 239 1657 mina
261 1593 488 1654 alliciuntur.

208 1700 342 1776 Apparet
365 1702 486 1773 ,autem
519 1700 640 1775 siquis
668 1715 703 1755 ex
725 1695 823 1772 logico
847 1697 1016 1781 discrimine
1038 1697 1179 1774 temporis

143 1806 292 1881 spatiique
327 1801 495 1862 discrimina
525 1805 666 1862 continue
696 1801 802 1859 deduci
832 1799 921 1874 velit,
950 1801 1184 1876 suppositionem

139 1908 292 1984 quandam
314 1906 445 1968 subesse.
496 1905 676 1984 Supponitur
706 1907 798 1979 enim,
833 1903 1048 1963 discrimen
1070 1907 1184 1980 ipsum

140 2026 209 2088 per
231 2025 267 2070 se
289 2012 404 2086 ipsum
422 2010 494 2087 jam
517 2019 746 2070 externarum
768 2023 884 2066 rerum
913 2006 1185 2066 multitudinem

147 2118 257 2190 atque
281 2113 497 2171 discrimina
518 2112 724 2190 complecti.

214 2211 265 2294 (Es
287 2215 360 2290 liegt
381 2213 445 2286 also
469 2216 560 2288 darin,
585 2217 733 2274 dassman
749 2231 803 2272 aus
827 2214 893 2272 dem
916 2213 1186 2291 legischenUn-

149 2316 357 2377 terschiede
380 2317 434 2376 aul
447 2319 504 2377 den
526 2317 1208 2392 ritnmlich-zcitlichcnUnterschiedv

148 2419 1187 2501 ohneWeiteresschliesetelneunbewlescneVoraussetzung:

149 2525 278 2587 nemlich
300 2527 359 2603 die,
383 2527 451 2587 dass
474 2529 526 2613 der
548 2527 718 2605 logische
750 2529 821 2587 eder
850 2528 1091 2606 begrislliche
1115 2529 1187 2589 Un-

149 2629 334 2690 tarsehied
366 2632 571 2691 identisch
601 2635 657 2692 sei
678 2635 747 2690 mit
776 2633 847 2690 den
869 2630 1086 2693 si-nnlichen
1108 2632 1195 2692 Ue·-

150 2731 379 2792 terschieden
402 2735 462 2793 des
486 2739 662 2793 iusseren
684 2730 866 2814 Daseins.)

217 2835 305 2912 Quod
327 2839 353 2897 si
375 2851 429 2914 pro
450 2853 521 2897 vero
544 2837 677 2913 habetur,
701 2853 808 2895 unum
830 2838 971 2913 quidem
986 2845 1118 2917 sponte
1134 2857 1189 2899 sc·

152 2935 284 3018 quitur,
308 2943 382 3000 nisi
404 2941 446 2999 ab
469 2944 563 3000 omni
587 2941 801 3001 discrimine
830 2941 937 3020 plane
960 2959 1111 3003 vacuum
1133 2950 1189 3003 at-

153 3061 223 3122 que
245 3044 401 3106 liberum
423 3049 608 3122 statueris,
631 3047 672 3106 ab
695 3049 750 3122 iis,
775 3047 906 3123 quibus
929 3063 985 3106 res
1009 3055 1191 3108 externae

153 3148 367 3225 implicatae
389 3155 482 3226 sunt,
507 3153 709 3210 contrariis
724 3151 960 3211 liberarinon
975 3169 1089 3228 posse.
1115 3151 1192 3211 Tum

156 3253 235 3308 enlm
257 3255 357 3327 negari
366 3257 479 3331 nequit,
503 3271 604 3331 ununr,
629 3257 707 3331 qued
730 3255 932 3332 distinguatur,
956 3254 1016 3314 illis
1035 3255 1097 3332 jam
1118 3272 1191 3316 con-

155 3354 253 3412 trariis
275 3370 394 3431 prorsus
416 3358 570 3436 implicari.
603 3357 687 3434 Quae
711 3375 777 3418 cum
799 3361 842 3417 lta
863 3361 931 3433 sint,
958 3365 988 3418 et
1010 3361 1041 3416 in
1064 3357 1140 3419 thesi
1163 3366 1193 3418 et
1228 3391 1231 3395 ·

155 3460 186 3516 in
215 3457 356 3518 antithesi
385 3459 443 3521 hoc
474 3465 592 3539 quidem
622 3465 808 3540 suppositum
838 3477 903 3522 esse
934 3463 1083 3539 videmus,
1115 3464 1193 3540 qued

155 3560 352 3640 philosophus
376 3579 411 3622 ex
433 3571 496 3624 tota
518 3570 681 3627 antinomia
703 3565 781 3626 ellici
804 3566 886 3625 velit.
917 3563 996 3642 Quid
1019 3569 1097 3626 enim
1120 3585 1193 3626 eon-

156 3666 308 3726 suturam?
332 3665 438 3758 Unum,
462 3671 488 3727 si
511 3679 565 3746 est,
589 3672 681 3732 thesis
705 3670 834 3749 explicat
862 3687 933 3730 nen
955 3687 1053 3746 esse,
1085 3673 1193 3748 quippe

156 3772 187 3826 ln
210 3787 268 3846 que
291 3775 389 3831 omnia
411 3773 580 3833 discrimina
596 3779 783 3852 erranuerint3
810 3775 964 3837 antithesis
984 3781 1193 3850 antemnarum,

158 3875 184 3931 si
217 3873 273 3954 sit,
311 3880 342 3936 in
375 3883 528 3938 artemam
559 3893 656 3938 rerum
688 3877 906 3941 multitmllnem
941 3879 1064 3942 diatrald
1097 3880 1193 3940 docet.

1022 3985 1040 4046 5
