<?xml version="1.0" encoding="UTF-8"?>
<!DOCTYPE html PUBLIC "-//W3C//DTD XHTML 1.0 Transitional//EN"
    "http://www.w3.org/TR/xhtml1/DTD/xhtml1-transitional.dtd">
<html xmlns="http://www.w3.org/1999/xhtml" xml:lang="en" lang="en">
 <head>
  <title>
</title>
<meta http-equiv="Content-Type" content="text/html;charset=utf-8" />
  <meta name='ocr-system' content='tesseract 3.04.00' />
  <meta name='ocr-capabilities' content='ocr_page ocr_carea ocr_par ocr_line ocrx_word'/>
</head>
<body>
  <div class='ocr_page' id='page_1' title='image "./deparmenideplat00fiscgoog_0012.png"; bbox 0 0 2704 4560; ppageno 0'>
   <div class='ocr_carea' id='block_1_1' title="bbox 568 281 677 356">
    <p class='ocr_par' dir='ltr' id='par_1_1' title="bbox 568 281 677 356">
     <span class='ocr_line' id='line_1_1' title="bbox 568 281 677 356; baseline 0 -20"><span class='ocrx_word' id='word_1_1' title='bbox 568 345 571 356; x_wconf 32' lang='grc' dir='ltr'>Ι</span> <span class='ocrx_word' id='word_1_2' title='bbox 633 281 677 336; x_wconf 85' lang='lat' dir='ltr'><strong>vu</strong></span> 
     </span>
    </p>
   </div>
   <div class='ocr_carea' id='block_1_2' title="bbox 136 467 1190 1646">
    <p class='ocr_par' dir='ltr' id='par_1_2' title="bbox 136 467 1190 1646">
     <span class='ocr_line' id='line_1_2' title="bbox 182 467 1190 549; baseline -0.015 -6"><span class='ocrx_word' id='word_1_3' title='bbox 182 517 185 522; x_wconf 91' lang='lat'>-</span> <span class='ocrx_word' id='word_1_4' title='bbox 229 476 367 542; x_wconf 85' lang='lat' dir='ltr'><strong>Ceterum</strong></span> <span class='ocrx_word' id='word_1_5' title='bbox 390 495 457 542; x_wconf 91' lang='lat' dir='ltr'><strong>cum</strong></span> <span class='ocrx_word' id='word_1_6' title='bbox 479 475 548 540; x_wconf 91' lang='lat' dir='ltr'><strong>olim</strong></span> <span class='ocrx_word' id='word_1_7' title='bbox 570 471 753 536; x_wconf 88' lang='lat' dir='ltr'><strong>universi</strong></span> <span class='ocrx_word' id='word_1_8' title='bbox 774 467 954 532; x_wconf 81' lang='lat' dir='ltr'><strong>Platonis</strong></span> <span class='ocrx_word' id='word_1_9' title='bbox 973 476 1190 549; x_wconf 80' lang='lat' dir='ltr'><strong>systenra-&#39;</strong></span> 
     </span>
     <span class='ocr_line' id='line_1_3' title="bbox 144 602 1168 692; baseline -0.016 -13"><span class='ocrx_word' id='word_1_10' title='bbox 144 617 200 680; x_wconf 91' lang='lat' dir='ltr'><strong>tis</strong></span> <span class='ocrx_word' id='word_1_11' title='bbox 223 614 447 679; x_wconf 88' lang='lat' dir='ltr'><strong>dialectica</strong></span> <span class='ocrx_word' id='word_1_12' title='bbox 468 611 677 692; x_wconf 91' lang='lat' dir='ltr'><strong>principia</strong></span> <span class='ocrx_word' id='word_1_13' title='bbox 699 606 853 688; x_wconf 84' lang='lat' dir='ltr'><strong>explicare</strong></span> <span class='ocrx_word' id='word_1_14' title='bbox 894 607 965 669; x_wconf 92' lang='lat' dir='ltr'><strong>mihi</strong></span> <span class='ocrx_word' id='word_1_15' title='bbox 985 602 1168 685; x_wconf 76' lang='lat' dir='ltr'><strong>propos&#39;uis-</strong></span> 
     </span>
     <span class='ocr_line' id='line_1_4' title="bbox 144 741 1168 831; baseline -0.014 -16"><span class='ocrx_word' id='word_1_16' title='bbox 144 771 230 828; x_wconf 83' lang='lat' dir='ltr'><strong>sem,</strong></span> <span class='ocrx_word' id='word_1_17' title='bbox 263 758 457 831; x_wconf 74' lang='lat' dir='ltr'><strong>posteaquam</strong></span> <span class='ocrx_word' id='word_1_18' title='bbox 489 747 677 810; x_wconf 76' lang='lat' dir='ltr'><strong>accuratiore</strong></span> <span class='ocrx_word' id='word_1_19' title='bbox 703 743 874 823; x_wconf 86' lang='lat' dir='ltr'>philosophi</span> <span class='ocrx_word' id='word_1_20' title='bbox 906 742 1006 805; x_wconf 88' lang='lat' dir='ltr'><strong>studio</strong></span> <span class='ocrx_word' id='word_1_21' title='bbox 1040 741 1168 802; x_wconf 90' lang='lat' dir='ltr'><strong>imbutus</strong></span> 
     </span>
     <span class='ocr_line' id='line_1_5' title="bbox 145 858 1168 968; baseline -0.009 -19"><span class='ocrx_word' id='word_1_22' title='bbox 145 885 292 949; x_wconf 88' lang='lat' dir='ltr'><strong>inlinitum</strong></span> <span class='ocrx_word' id='word_1_23' title='bbox 321 904 417 968; x_wconf 86' lang='lat' dir='ltr'><strong>paene</strong></span> <span class='ocrx_word' id='word_1_24' title='bbox 447 884 536 965; x_wconf 90' lang='lat' dir='ltr'><strong>hujus</strong></span> <span class='ocrx_word' id='word_1_25' title='bbox 566 882 709 945; x_wconf 86' lang='lat' dir='ltr'><strong>materiae</strong></span> <span class='ocrx_word' id='word_1_26' title='bbox 740 881 879 943; x_wconf 90' lang='lat' dir='ltr'><strong>ambitum</strong></span> <span class='ocrx_word' id='word_1_27' title='bbox 912 858 1093 962; x_wconf 84' lang='lat' dir='ltr'><strong>cognoram,</strong></span> <span class='ocrx_word' id='word_1_28' title='bbox 1131 893 1168 941; x_wconf 88' lang='lat' dir='ltr'><strong>eo</strong></span> 
     </span>
     <span class='ocr_line' id='line_1_6' title="bbox 146 1017 1168 1104; baseline -0.009 -20"><span class='ocrx_word' id='word_1_29' title='bbox 146 1023 292 1102; x_wconf 91' lang='lat' dir='ltr'><strong>temporis</strong></span> <span class='ocrx_word' id='word_1_30' title='bbox 322 1024 442 1104; x_wconf 87' lang='lat' dir='ltr'><strong>spatio,</strong></span> <span class='ocrx_word' id='word_1_31' title='bbox 473 1019 555 1102; x_wconf 95' lang='lat' dir='ltr'><strong>quod</strong></span> <span class='ocrx_word' id='word_1_32' title='bbox 587 1019 657 1082; x_wconf 90' lang='lat' dir='ltr'><strong>huic</strong></span> <span class='ocrx_word' id='word_1_33' title='bbox 680 1017 873 1098; x_wconf 76' lang='lat' dir='ltr'><strong>disputationi</strong></span> <span class='ocrx_word' id='word_1_34' title='bbox 896 1033 1074 1079; x_wconf 90' lang='lat' dir='ltr'><strong>concessum</strong></span> <span class='ocrx_word' id='word_1_35' title='bbox 1095 1022 1168 1090; x_wconf 88' lang='lat' dir='ltr'><strong>erat,</strong></span> 
     </span>
     <span class='ocr_line' id='line_1_7' title="bbox 147 1149 1169 1233; baseline -0.01 -13"><span class='ocrx_word' id='word_1_36' title='bbox 147 1156 227 1220; x_wconf 91' lang='lat' dir='ltr'><strong>illam</strong></span> <span class='ocrx_word' id='word_1_37' title='bbox 259 1161 411 1222; x_wconf 89' lang='lat' dir='ltr'><strong>materiam</strong></span> <span class='ocrx_word' id='word_1_38' title='bbox 443 1156 580 1220; x_wconf 84' lang='lat' dir='ltr'><strong>intellexi</strong></span> <span class='ocrx_word' id='word_1_39' title='bbox 612 1154 753 1216; x_wconf 89' lang='lat' dir='ltr'><strong>continuo</strong></span> <span class='ocrx_word' id='word_1_40' title='bbox 792 1169 852 1216; x_wconf 94' lang='lat' dir='ltr'><strong>nou</strong></span> <span class='ocrx_word' id='word_1_41' title='bbox 885 1168 978 1233; x_wconf 89' lang='lat' dir='ltr'><strong>posse</strong></span> <span class='ocrx_word' id='word_1_42' title='bbox 1008 1149 1169 1213; x_wconf 80' lang='lat' dir='ltr'><strong>exhauriri.</strong></span> 
     </span>
     <span class='ocr_line' id='line_1_8' title="bbox 145 1286 1170 1375; baseline -0.008 -20"><span class='ocrx_word' id='word_1_43' title='bbox 145 1292 249 1375; x_wconf 89' lang='lat' dir='ltr'><strong>ltaque</strong></span> <span class='ocrx_word' id='word_1_44' title='bbox 275 1315 314 1358; x_wconf 90' lang='lat' dir='ltr'><strong>ue</strong></span> <span class='ocrx_word' id='word_1_45' title='bbox 334 1295 443 1358; x_wconf 88' lang='lat' dir='ltr'><strong>leviter</strong></span> <span class='ocrx_word' id='word_1_46' title='bbox 465 1301 554 1372; x_wconf 84' lang='lat' dir='ltr'><strong>atque</strong></span> <span class='ocrx_word' id='word_1_47' title='bbox 578 1288 782 1370; x_wconf 87' lang='lat' dir='ltr'><strong>perfunctorie</strong></span> <span class='ocrx_word' id='word_1_48' title='bbox 804 1289 840 1351; x_wconf 93' lang='lat' dir='ltr'><strong>id</strong></span> <span class='ocrx_word' id='word_1_49' title='bbox 865 1295 1071 1371; x_wconf 84' lang='lat' dir='ltr'><strong>argumentum</strong></span> <span class='ocrx_word' id='word_1_50' title='bbox 1092 1286 1170 1348; x_wconf 84' lang='lat' dir='ltr'><strong>deli-</strong></span> 
     </span>
     <span class='ocr_line' id='line_1_9' title="bbox 136 1424 1169 1512; baseline -0.006 -22"><span class='ocrx_word' id='word_1_51' title='bbox 136 1427 267 1508; x_wconf 79' lang='lat' dir='ltr'><strong>&#39;harem,</strong></span> <span class='ocrx_word' id='word_1_52' title='bbox 302 1429 417 1509; x_wconf 88' lang='lat' dir='ltr'><strong>cujus</strong></span> <span class='ocrx_word' id='word_1_53' title='bbox 450 1427 691 1512; x_wconf 88' lang='lat' dir='ltr'><strong>dignitatem</strong></span> <span class='ocrx_word' id='word_1_54' title='bbox 720 1424 1010 1494; x_wconf 85' lang='lat' dir='ltr'><strong>venerabundo</strong></span> <span class='ocrx_word' id='word_1_55' title='bbox 1043 1424 1169 1486; x_wconf 90' lang='lat' dir='ltr'><strong>animo</strong></span> 
     </span>
     <span class='ocr_line' id='line_1_10' title="bbox 148 1544 1169 1646; baseline -0.006 -21"><span class='ocrx_word' id='word_1_56' title='bbox 148 1567 425 1646; x_wconf 90' lang='lat' dir='ltr'><strong>suspicerem,</strong></span> <span class='ocrx_word' id='word_1_57' title='bbox 458 1567 575 1629; x_wconf 88' lang='lat' dir='ltr'><strong>unicam</strong></span> <span class='ocrx_word' id='word_1_58' title='bbox 594 1564 673 1628; x_wconf 90' lang='lat' dir='ltr'><strong>illius</strong></span> <span class='ocrx_word' id='word_1_59' title='bbox 698 1563 839 1625; x_wconf 88' lang='lat' dir='ltr'><strong>materiae</strong></span> <span class='ocrx_word' id='word_1_60' title='bbox 862 1544 963 1644; x_wconf 85' lang='lat' dir='ltr'><strong>delegi</strong></span> <span class='ocrx_word' id='word_1_61' title='bbox 985 1559 1169 1642; x_wconf 86' lang='lat' dir='ltr'><strong>particulam,</strong></span> 
     </span>
    </p>
   </div>
   <div class='ocr_carea' id='block_1_3' title="bbox 147 1699 1170 1785">
    <p class='ocr_par' dir='ltr' id='par_1_3' title="bbox 147 1699 1170 1785">
     <span class='ocr_line' id='line_1_11' title="bbox 147 1699 1170 1785; baseline -0.004 -24"><span class='ocrx_word' id='word_1_62' title='bbox 147 1700 332 1766; x_wconf 91' lang='lat' dir='ltr'><strong>Parmenidis</strong></span> <span class='ocrx_word' id='word_1_63' title='bbox 345 1703 575 1785; x_wconf 88' lang='lat' dir='ltr'><strong>expositionem,</strong></span> <span class='ocrx_word' id='word_1_64' title='bbox 597 1719 684 1784; x_wconf 89' lang='lat' dir='ltr'><strong>quam</strong></span> <span class='ocrx_word' id='word_1_65' title='bbox 701 1699 847 1780; x_wconf 84' lang='lat' dir='ltr'><strong>peculiari</strong></span> <span class='ocrx_word' id='word_1_66' title='bbox 859 1717 931 1761; x_wconf 88' lang='lat' dir='ltr'><strong>cura</strong></span> <span class='ocrx_word' id='word_1_67' title='bbox 945 1705 1170 1779; x_wconf 87' lang='lat' dir='ltr'><strong>pertractarem.</strong></span> 
     </span>
    </p>
   </div>
   <div class='ocr_carea' id='block_1_4' title="bbox 148 1851 1169 2068">
    <p class='ocr_par' dir='ltr' id='par_1_4' title="bbox 148 1851 1169 2068">
     <span class='ocr_line' id='line_1_12' title="bbox 228 1851 1169 1933; baseline -0.01 -15"><span class='ocrx_word' id='word_1_68' title='bbox 228 1854 284 1918; x_wconf 86' lang='lat' dir='ltr'><strong>Ae</strong></span> <span class='ocrx_word' id='word_1_69' title='bbox 319 1857 462 1920; x_wconf 92' lang='lat' dir='ltr'><strong>videor</strong></span> <span class='ocrx_word' id='word_1_70' title='bbox 497 1856 588 1920; x_wconf 88' lang='lat' dir='ltr'><strong>milri</strong></span> <span class='ocrx_word' id='word_1_71' title='bbox 627 1857 667 1918; x_wconf 94' lang='lat' dir='ltr'><strong>in</strong></span> <span class='ocrx_word' id='word_1_72' title='bbox 702 1853 772 1916; x_wconf 93' lang='lat' dir='ltr'><strong>hac</strong></span> <span class='ocrx_word' id='word_1_73' title='bbox 807 1851 1009 1933; x_wconf 87' lang='lat' dir='ltr'><strong>particula</strong></span> <span class='ocrx_word' id='word_1_74' title='bbox 1045 1851 1169 1929; x_wconf 93' lang='lat' dir='ltr'><strong>ipsum</strong></span> 
     </span>
     <span class='ocr_line' id='line_1_13' title="bbox 148 1987 1169 2068; baseline -0.005 -16"><span class='ocrx_word' id='word_1_75' title='bbox 148 1990 387 2055; x_wconf 82' lang='lat' dir='ltr'><strong>Platonicae</strong></span> <span class='ocrx_word' id='word_1_76' title='bbox 410 1992 657 2056; x_wconf 90' lang='lat' dir='ltr'><strong>dialectices</strong></span> <span class='ocrx_word' id='word_1_77' title='bbox 681 1997 860 2052; x_wconf 86' lang='lat' dir='ltr'><strong>centrum</strong></span> <span class='ocrx_word' id='word_1_78' title='bbox 891 1987 1085 2068; x_wconf 86' lang='lat' dir='ltr'><strong>attigisse</strong></span> <span class='ocrx_word' id='word_1_79' title='bbox 1113 1991 1169 2048; x_wconf 88' lang='lat' dir='ltr'><strong>at-</strong></span> 
     </span>
    </p>
   </div>
   <div class='ocr_carea' id='block_1_5' title="bbox 149 2125 475 2209">
    <p class='ocr_par' dir='ltr' id='par_1_5' title="bbox 149 2125 475 2209">
     <span class='ocr_line' id='line_1_14' title="bbox 149 2125 475 2209; baseline 0 -21"><span class='ocrx_word' id='word_1_80' title='bbox 149 2144 222 2208; x_wconf 90' lang='lat' dir='ltr'><strong>que</strong></span> <span class='ocrx_word' id='word_1_81' title='bbox 257 2125 475 2209; x_wconf 84' lang='lat' dir='ltr'><strong>fastigium.</strong></span> 
     </span>
    </p>
   </div>
   <div class='ocr_carea' id='block_1_6' title="bbox 149 2274 1194 2766">
    <p class='ocr_par' dir='ltr' id='par_1_6' title="bbox 149 2274 1194 2766">
     <span class='ocr_line' id='line_1_15' title="bbox 229 2274 1169 2360; baseline -0.001 -22"><span class='ocrx_word' id='word_1_82' title='bbox 229 2275 344 2341; x_wconf 87' lang='lat' dir='ltr'><strong>Etenim</strong></span> <span class='ocrx_word' id='word_1_83' title='bbox 360 2286 392 2341; x_wconf 91' lang='lat' dir='ltr'><strong>ut</strong></span> <span class='ocrx_word' id='word_1_84' title='bbox 406 2277 444 2342; x_wconf 88' lang='lat' dir='ltr'><strong>dc</strong></span> <span class='ocrx_word' id='word_1_85' title='bbox 458 2279 526 2342; x_wconf 85' lang='lat' dir='ltr'><strong>loco</strong></span> <span class='ocrx_word' id='word_1_86' title='bbox 542 2276 687 2360; x_wconf 88' lang='lat' dir='ltr'><strong>quaedam</strong></span> <span class='ocrx_word' id='word_1_87' title='bbox 705 2278 829 2356; x_wconf 86' lang='lat' dir='ltr'><strong>addam,</strong></span> <span class='ocrx_word' id='word_1_88' title='bbox 851 2293 939 2358; x_wconf 89' lang='lat' dir='ltr'><strong>quem</strong></span> <span class='ocrx_word' id='word_1_89' title='bbox 961 2275 991 2338; x_wconf 88' lang='lat' dir='ltr'><strong>in</strong></span> <span class='ocrx_word' id='word_1_90' title='bbox 1013 2274 1169 2338; x_wconf 88' lang='lat' dir='ltr'><strong>dialectico</strong></span> 
     </span>
     <span class='ocr_line' id='line_1_16' title="bbox 149 2411 1194 2496; baseline 0.002 -24"><span class='ocrx_word' id='word_1_91' title='bbox 149 2411 279 2476; x_wconf 86' lang='lat' dir='ltr'><strong>Platonis</strong></span> <span class='ocrx_word' id='word_1_92' title='bbox 301 2422 463 2496; x_wconf 85' lang='lat' dir='ltr'><strong>systemate</strong></span> <span class='ocrx_word' id='word_1_93' title='bbox 485 2414 676 2480; x_wconf 87' lang='lat' dir='ltr'><strong>Parmenides</strong></span> <span class='ocrx_word' id='word_1_94' title='bbox 698 2414 846 2493; x_wconf 89' lang='lat' dir='ltr'><strong>obtineat,</strong></span> <span class='ocrx_word' id='word_1_95' title='bbox 877 2413 1019 2477; x_wconf 85' lang='lat' dir='ltr'><strong>universa</strong></span> <span class='ocrx_word' id='word_1_96' title='bbox 1041 2411 1170 2474; x_wconf 87' lang='lat' dir='ltr'><strong>Platonis</strong></span> <span class='ocrx_word' id='word_1_97' title='bbox 1191 2447 1194 2452; x_wconf 91' lang='lat'>·</span> 
     </span>
     <span class='ocr_line' id='line_1_17' title="bbox 149 2547 1170 2632; baseline -0.001 -22"><span class='ocrx_word' id='word_1_98' title='bbox 149 2547 356 2630; x_wconf 85' lang='lat' dir='ltr'><strong>philosophia,</strong></span> <span class='ocrx_word' id='word_1_99' title='bbox 397 2552 571 2632; x_wconf 88' lang='lat' dir='ltr'><strong>priusquam</strong></span> <span class='ocrx_word' id='word_1_100' title='bbox 613 2552 643 2614; x_wconf 91' lang='lat' dir='ltr'><strong>in</strong></span> <span class='ocrx_word' id='word_1_101' title='bbox 685 2551 840 2614; x_wconf 87' lang='lat' dir='ltr'><strong>Timaeo</strong></span> <span class='ocrx_word' id='word_1_102' title='bbox 876 2557 914 2614; x_wconf 93' lang='lat' dir='ltr'><strong>et</strong></span> <span class='ocrx_word' id='word_1_103' title='bbox 946 2549 1170 2629; x_wconf 85' lang='lat' dir='ltr'><strong>Republica</strong></span> 
     </span>
     <span class='ocr_line' id='line_1_18' title="bbox 151 2681 1169 2766; baseline 0.001 -23"><span class='ocrx_word' id='word_1_104' title='bbox 151 2700 250 2744; x_wconf 93' lang='lat' dir='ltr'><strong>rerum</strong></span> <span class='ocrx_word' id='word_1_105' title='bbox 278 2693 413 2746; x_wconf 87' lang='lat' dir='ltr'><strong>naturam</strong></span> <span class='ocrx_word' id='word_1_106' title='bbox 438 2694 527 2765; x_wconf 92' lang='lat' dir='ltr'><strong>atque</strong></span> <span class='ocrx_word' id='word_1_107' title='bbox 549 2686 684 2749; x_wconf 87' lang='lat' dir='ltr'><strong>ordinem</strong></span> <span class='ocrx_word' id='word_1_108' title='bbox 708 2685 856 2766; x_wconf 87' lang='lat' dir='ltr'><strong>explicet,</strong></span> <span class='ocrx_word' id='word_1_109' title='bbox 888 2685 944 2746; x_wconf 93' lang='lat' dir='ltr'><strong>hos</strong></span> <span class='ocrx_word' id='word_1_110' title='bbox 966 2681 1031 2746; x_wconf 87' lang='lat' dir='ltr'><strong>fere</strong></span> <span class='ocrx_word' id='word_1_111' title='bbox 1056 2682 1169 2766; x_wconf 78' lang='lat' dir='ltr'><strong>greum</strong></span> 
     </span>
    </p>
   </div>
   <div class='ocr_carea' id='block_1_7' title="bbox 150 2817 480 2908">
    <p class='ocr_par' dir='ltr' id='par_1_7' title="bbox 150 2817 480 2908">
     <span class='ocr_line' id='line_1_19' title="bbox 150 2817 480 2908; baseline 0.006 -30"><span class='ocrx_word' id='word_1_112' title='bbox 150 2833 330 2898; x_wconf 88' lang='lat' dir='ltr'><strong>percurrere</strong></span> <span class='ocrx_word' id='word_1_113' title='bbox 351 2817 480 2908; x_wconf 76' lang='lat' dir='ltr'><strong>videtur.</strong></span> 
     </span>
    </p>
   </div>
   <div class='ocr_carea' id='block_1_8' title="bbox 231 2965 1169 3054">
    <p class='ocr_par' dir='ltr' id='par_1_8' title="bbox 231 2965 1169 3054">
     <span class='ocr_line' id='line_1_20' title="bbox 231 2965 1169 3054; baseline 0 -20"><span class='ocrx_word' id='word_1_114' title='bbox 231 2965 360 3034; x_wconf 80' lang='lat' dir='ltr'><strong>orditur</strong></span> <span class='ocrx_word' id='word_1_115' title='bbox 372 2971 501 3034; x_wconf 89' lang='lat' dir='ltr'><strong>Platonis</strong></span> <span class='ocrx_word' id='word_1_116' title='bbox 522 2970 711 3053; x_wconf 90' lang='lat' dir='ltr'><strong>philosophia</strong></span> <span class='ocrx_word' id='word_1_117' title='bbox 731 2983 793 3036; x_wconf 92' lang='lat' dir='ltr'><strong>non</strong></span> <span class='ocrx_word' id='word_1_118' title='bbox 816 2991 833 3036; x_wconf 91' lang='lat' dir='ltr'><strong>a</strong></span> <span class='ocrx_word' id='word_1_119' title='bbox 853 2989 935 3034; x_wconf 91' lang='lat' dir='ltr'><strong>mera</strong></span> <span class='ocrx_word' id='word_1_120' title='bbox 955 2972 1169 3054; x_wconf 84' lang='lat' dir='ltr'><strong>cogitationum</strong></span> 
     </span>
    </p>
   </div>
   <div class='ocr_carea' id='block_1_9' title="bbox 152 3077 1168 3204">
    <p class='ocr_par' dir='ltr' id='par_1_9' title="bbox 152 3077 1168 3204">
     <span class='ocr_line' id='line_1_21' title="bbox 152 3077 1168 3204; baseline 0.002 -36"><span class='ocrx_word' id='word_1_121' title='bbox 152 3105 366 3204; x_wconf 83' lang='lat' dir='ltr'><strong>abstractione,</strong></span> <span class='ocrx_word' id='word_1_122' title='bbox 402 3107 457 3172; x_wconf 91' lang='lat' dir='ltr'><strong>sed</strong></span> <span class='ocrx_word' id='word_1_123' title='bbox 491 3107 526 3170; x_wconf 89' lang='lat' dir='ltr'><strong>ab</strong></span> <span class='ocrx_word' id='word_1_124' title='bbox 549 3102 668 3188; x_wconf 69' lang='lat' dir='ltr'><strong>&#39;impetu</strong></span> <span class='ocrx_word' id='word_1_125' title='bbox 701 3107 750 3170; x_wconf 96' lang='lat' dir='ltr'><strong>illo</strong></span> <span class='ocrx_word' id='word_1_126' title='bbox 780 3106 1026 3189; x_wconf 91' lang='lat' dir='ltr'><strong>philosophandi,</strong></span> <span class='ocrx_word' id='word_1_127' title='bbox 1062 3077 1168 3188; x_wconf 89' lang='lat' dir='ltr'><strong>quem</strong></span> 
     </span>
    </p>
   </div>
   <div class='ocr_carea' id='block_1_10' title="bbox 152 3237 1191 3465">
    <p class='ocr_par' dir='ltr' id='par_1_10' title="bbox 152 3237 1191 3465">
     <span class='ocr_line' id='line_1_22' title="bbox 152 3237 1191 3343; baseline 0.008 -45"><span class='ocrx_word' id='word_1_128' title='bbox 152 3237 271 3322; x_wconf 74' lang='grc' dir='ltr'><strong><em>ἔρωτα</em></strong></span> <span class='ocrx_word' id='word_1_129' title='bbox 290 3241 557 3324; x_wconf 92' lang='lat' dir='ltr'><strong>philosophus</strong></span> <span class='ocrx_word' id='word_1_130' title='bbox 574 3243 764 3323; x_wconf 88' lang='lat' dir='ltr'><strong>appellat,</strong></span> <span class='ocrx_word' id='word_1_131' title='bbox 783 3241 1191 3343; x_wconf 31' lang='lat' dir='ltr'><strong>quoquesingulihomiues&#39;⁴</strong></span> 
     </span>
     <span class='ocr_line' id='line_1_23' title="bbox 153 3378 1168 3465; baseline 0.001 -23"><span class='ocrx_word' id='word_1_132' title='bbox 153 3397 188 3442; x_wconf 94' lang='lat' dir='ltr'><strong>eo</strong></span> <span class='ocrx_word' id='word_1_133' title='bbox 203 3378 421 3464; x_wconf 88' lang='lat' dir='ltr'><strong>propelluntur,</strong></span> <span class='ocrx_word' id='word_1_134' title='bbox 440 3389 557 3444; x_wconf 91' lang='lat' dir='ltr'><strong>utsua</strong></span> <span class='ocrx_word' id='word_1_135' title='bbox 578 3382 741 3465; x_wconf 86' lang='lat' dir='ltr'><strong>vulgari</strong></span> <span class='ocrx_word' id='word_1_136' title='bbox 761 3390 901 3445; x_wconf 90' lang='lat' dir='ltr'><strong>natura</strong></span> <span class='ocrx_word' id='word_1_137' title='bbox 916 3381 1027 3461; x_wconf 90' lang='lat' dir='ltr'><strong>quasi</strong></span> <span class='ocrx_word' id='word_1_138' title='bbox 1050 3383 1168 3444; x_wconf 84' lang='lat' dir='ltr'><strong>exut&#39;a</strong></span> 
     </span>
    </p>
   </div>
   <div class='ocr_carea' id='block_1_11' title="bbox 153 3513 1113 3617">
    <p class='ocr_par' dir='ltr' id='par_1_11' title="bbox 153 3513 1113 3617">
     <span class='ocr_line' id='line_1_24' title="bbox 153 3513 1113 3617; baseline -0.002 -37"><span class='ocrx_word' id='word_1_139' title='bbox 153 3513 194 3580; x_wconf 90' lang='lat' dir='ltr'><strong>ad</strong></span> <span class='ocrx_word' id='word_1_140' title='bbox 215 3517 428 3580; x_wconf 87' lang='lat' dir='ltr'><strong>veritatem</strong></span> <span class='ocrx_word' id='word_1_141' title='bbox 449 3517 576 3596; x_wconf 89' lang='lat' dir='ltr'><strong>ipsam</strong></span> <span class='ocrx_word' id='word_1_142' title='bbox 597 3535 669 3600; x_wconf 92' lang='lat' dir='ltr'><strong>per</strong></span> <span class='ocrx_word' id='word_1_143' title='bbox 690 3537 733 3581; x_wconf 92' lang='lat' dir='ltr'><strong>se</strong></span> <span class='ocrx_word' id='word_1_144' title='bbox 755 3520 878 3599; x_wconf 88' lang='lat' dir='ltr'><strong>ipsam</strong></span> <span class='ocrx_word' id='word_1_145' title='bbox 900 3517 1113 3617; x_wconf 84' lang='lat' dir='ltr'><strong>enitantur.</strong></span> 
     </span>
    </p>
   </div>
   <div class='ocr_carea' id='block_1_12' title="bbox 153 3665 1167 3895">
    <p class='ocr_par' dir='ltr' id='par_1_12' title="bbox 153 3665 1167 3895">
     <span class='ocr_line' id='line_1_25' title="bbox 157 3665 1167 3763; baseline -0.001 -31"><span class='ocrx_word' id='word_1_146' title='bbox 157 3696 160 3702; x_wconf 55' lang='lat'><strong><em>¹</em></strong></span> <span class='ocrx_word' id='word_1_147' title='bbox 230 3669 307 3734; x_wconf 83' lang='lat' dir='ltr'><strong>Eros</strong></span> <span class='ocrx_word' id='word_1_148' title='bbox 327 3669 590 3763; x_wconf 73' lang='lat' dir='ltr'><strong>autamllavtce</strong></span> <span class='ocrx_word' id='word_1_149' title='bbox 617 3670 734 3734; x_wconf 87' lang='lat' dir='ltr'><strong>iilius</strong></span> <span class='ocrx_word' id='word_1_150' title='bbox 756 3679 818 3736; x_wconf 91' lang='lat' dir='ltr'><strong>est</strong></span> <span class='ocrx_word' id='word_1_151' title='bbox 842 3677 879 3736; x_wconf 89' lang='lat' dir='ltr'><strong>et</strong></span> <span class='ocrx_word' id='word_1_152' title='bbox 907 3665 1023 3752; x_wconf 78' lang='lat' dir='ltr'><strong>lldpa.</strong></span> <span class='ocrx_word' id='word_1_153' title='bbox 1065 3667 1167 3751; x_wconf 87' lang='lat' dir='ltr'><strong>ltaque</strong></span> 
     </span>
     <span class='ocr_line' id='line_1_26' title="bbox 153 3801 1167 3895; baseline 0.002 -27"><span class='ocrx_word' id='word_1_154' title='bbox 153 3805 343 3893; x_wconf 88' lang='lat' dir='ltr'><strong>philosophus</strong></span> <span class='ocrx_word' id='word_1_155' title='bbox 365 3816 515 3876; x_wconf 85' lang='lat' dir='ltr'><strong>aeternam</strong></span> <span class='ocrx_word' id='word_1_156' title='bbox 535 3809 692 3876; x_wconf 88' lang='lat' dir='ltr'><strong>veritatem</strong></span> <span class='ocrx_word' id='word_1_157' title='bbox 714 3827 862 3894; x_wconf 87' lang='lat' dir='ltr'><strong>quaerens</strong></span> <span class='ocrx_word' id='word_1_158' title='bbox 884 3818 1022 3895; x_wconf 87' lang='lat' dir='ltr'><strong>tanquam</strong></span> <span class='ocrx_word' id='word_1_159' title='bbox 1042 3827 1059 3873; x_wconf 88' lang='lat' dir='ltr'><strong>a</strong></span> <span class='ocrx_word' id='word_1_160' title='bbox 1079 3801 1167 3893; x_wconf 80' lang='lat' dir='ltr'><strong>11an</strong></span> 
     </span>
    </p>
   </div>
   <div class='ocr_carea' id='block_1_13' title="bbox 0 0 1366 4560">
    <p class='ocr_par' dir='ltr' id='par_1_13' title="bbox 0 0 1366 4560">
     <span class='ocr_line' id='line_1_27' title="bbox 0 0 1366 4560; baseline 0 0"><span class='ocrx_word' id='word_1_161' title='bbox 0 0 1366 4560; x_wconf 95' lang='lat' dir='ltr'><strong> </strong></span> 
     </span>
    </p>
   </div>
  </div>
 </body>
</html>
