2704 4560
625 353 671 430 79

129 517 322 620 principiale·
342 555 410 616 quo
425 537 569 616 quidem
582 542 785 620 supposito,
801 527 914 620 neque
929 555 1037 606 unum
1050 555 1166 621 noque

130 642 248 704 multa
270 643 429 720 eogitari
450 659 560 720 posse
583 644 793 707 edoceatur.
970 655 973 662 '

197 742 268 804 Jam
290 763 381 804 unum
401 743 561 824 multaque,
586 747 643 808 sibi
665 749 793 808 invicem
816 751 960 834 opposita,
983 751 1043 810 non
1071 748 1167 812 solum

131 865 216 909 suam
244 851 377 926 ipsorum
405 851 573 926 notionem,
604 868 706 912 vetum
723 853 825 910 ¹etinm
858 854 1016 912 essentiam
1047 850 1165 912 tollunt.

132 950 246 1026 Quibus
269 941 451 1029 argumentis
470 953 637 1015 Eleaticum
657 957 852 1033 ptineipiem1‚
883 961 1026 1031 quatenus
1049 954 1166 1034 quidem

131 1054 225 1116 mults
248 1071 315 1116 esse
334 1061 437 1132 neget,¹
457 1055 648 1131 effumattns
666 1063 810 1134 quatenus
838 1062 938 1118 sutem
959 1075 1050 1118 unmn
1071 1056 1167 1118 solum

132 1174 198 1217 esse
217 1157 299 1234 velit,
316 1159 455 1236 rejicitur.
481 1158 611 1234 Itaque
627 1158 725 1235 haee,
749 1177 817 1236 qua
833 1161 1167 1235 unuminquiratnn

129 1262 228 1320 ratio
252 1258 428 1340 omnibns,
442 1265 522 1338 spui,
536 1263 608 1327 asti
627 1263 791 1324 criticae
808 1264 846 1319 in
866 1259 1166 1338 philosophando

130 1363 293 1443 student,
317 1366 425 1438 qussi
448 1362 632 1440 exemplar
653 1364 888 1442 proponenda
910 1380 990 1425 esse
1012 1364 1165 1422 videtur.

83 1483 87 1490 ·
157 1540 159 1544 .
196 1465 535 1542 Heeesrguntentntio,
564 1483 622 1542 qua
643 1469 807 1526 contratiae
836 1468 923 1526 unius
951 1464 1167 1541 multorumque

73 1547 79 1556 ⁸
131 1569 268 1628 notiones
290 1567 401 1628 directe
415 1576 569 1646 negentur,
584 1571 664 1629 viem
679 1572 764 1646 qussi
776 1569 965 1644 demonstrat,
983 1585 1040 1645 qus
1054 1573 1166 1626 utram-

132 1688 188 1748 que
210 1669 294 1756 illem
316 1673 468 1731 notionem
489 1671 627 1730 offirmari
652 1673 750 1751 licoat.
1141 1661 1145 1668 ’

198 1773 296 1834 Unum
304 1777 391 1854 enim,
411 1777 438 1837 si
449 1774 559 1851 absque
571 1772 671 1834 multis
688 1777 810 1850 eogitari
825 1776 937 1850 nequit,
949 1789 1046 1834 nonne
1060 1777 1165 1832 neees-

130 1866 1165 1955 sariopostulatur‚nt,siquidemeogitandum'ost,admultareieratur?

195 1979 312 2038 Pariter
333 1980 435 2055 multa,
459 1983 485 2040 si
508 1981 620 2057 absque
642 1995 701 2040 uno
726 1981 853 2054 eogitari
873 1982 1038 2054 nequeunt,
1068 1993 1166 2036 nonne

133 2088 259 2159 apparet
281 2082 319 2140 ad
340 2097 431 2141 unum
452 2075 704 2142 ossereierenda?
726 2081 804 2158 Ergo
819 2097 909 2140 unum
924 2078 1075 2155 multaque
1089 2081 1166 2138 inter
1249 2125 1253 2132 .

131 2200 201 2244 sese
224 2185 461 2264 conveniant,
484 2201 607 2244 neeesse
630 2190 684 2244 est.

129 2285 132 2290 '
198 2280 270 2364 (Fiir
293 2285 345 2344 das
367 2284 440 2345 Eine
462 2287 523 2344 und
545 2287 597 2345 das
619 2285 707 2346 Viele
730 2285 843 2361 ergiebt
864 2283 928 2344 sich
950 2300 1004 2357 ens
1027 2282 1080 2362 tier
1097 2281 1166 2343 Un-

132 2386 379 2468 miigliohkeit
399 2387 497 2450 ihrn's
520 2388 771 2465 Gegensatzes
787 2386 1167 2463 dieNothwendigkeit

131 2490 235 2550 ihrer
256 2490 446 2551 Identitiit.
490 2491 648 2552 Entweder
668 2491 756 2552 sind
784 2490 1017 2568 sieiiberhaupt
1044 2489 1165 2566 nieht,

131 2595 211 2669 oder,
234 2611 320 2652 wenn
342 2596 385 2654 sie
408 2595 484 2671 sind,
507 2599 627 2655 missen
648 2596 735 2655 boido
757 2591 1053 2673 identlsehlsein.)

200 2695 287 2770 Quod
309 2697 429 2771 quidem
452 2701 615 2771 quaeritur,
641 2703 716 2756 'num
739 2697 937 2771 etquomodo
960 2713 998 2754 ex
1015 2698 1053 2755 iis
1072 2713 1166 2775 appa·

131 2805 204 2876 rent,
222 2801 317 2875 ‘quse'
337 2796 489 2873 hueusque
519 2798 668 2876 disputata
696 2797 788 2859 sunt?
809 2798 924 2874 Ecquid
949 2799 1038 2873 igitur
1060 2802 1164 2876 exiis,

132 2919 208 2981 quae
219 2881 315 2962 aenio
328 2899 487 2976 effecimus,
500 2907 601 2979 aptum
613 2919 678 2962 esso
688 2902 804 2962 videtur
815 2900 854 2960 ad
867 2900 924 2960 hoo
936 2898 1164 2978 dijudicandum,

132 3003 409 3084 quonammodo
432 3021 524 3064 unum
545 3004 693 3082 multaque
715 3009 792 3066 inter
814 3018 880 3064 sese
903 3004 1101 3063 conveniant?

199 3107 284 3186 Quae
306 3109 333 3168 si
355 3110 420 3185 quis
444 3111 573 3186 cogitare
595 3108 677 3184 velit,
700 3111 726 3168 is
748 3087 901 3184 utr'amque
916 3087 1068 3166 notionem
1089 3107 1166 3164 inter

134 3225 200 3269 sese
224 3212 448 3288 conjungere
471 3214 593 3288 cogitur.
638 3212 714 3272 Nam
735 3207 786 3271 ubi
807 3211 893 3270 nobie
915 3223 1088 3286 persuasum
1110 3213 1166 3282 est,
1206 3265 1212 3276 ,

132 3417 234 3474 inanis
255 3431 331 3498 esse,
353 3416 412 3502 hoe
434 3412 631 3478 otiam'nobis
653 3418 883 3478 demonstratum
912 3412 1045 3488 videtur,
1075 3429 1167 3471 unum

133 3517 295 3595 maloque,
318 3519 376 3578 nisi
397 3522 474 3580 inter
495 3538 563 3583 seso
585 3517 831 3598 eonjpnxeris,
854 3535 914 3578 non
928 3532 1017 3594 posse
1033 3517 1164 3590 eogitari.

200 3621 294 3699 Quae,
317 3623 380 3683 sive
403 3632 585 3703 separentur,
608 3628 670 3684 sive
694 3624 925 3702 conjunguntur,
954 3619 1064 3696 pariter
1094 3630 1165 3674 eon·

133 3727 231 3787 trariis
253 3725 397 3788 laborant.
431 3727 533 3804 Neque
556 3731 635 3790 enim
656 3731 752 3788 ninus
768 3740 865 3784 enum
886 3723 943 3783 sthi
965 3723 1117 3798 repugnet,
1141 3718 1165 3774 si

134 3829 292 3896 mistorum
315 3849 429 3913 expers,
453 3850 542 3908 quaen
563 3835 589 3895 si
611 3823 759 3912 penieeps
781 3835 835 3894 est.
879 3825 920 3889 Et
943 3829 1053 3903 pariter
1073 3823 1167 3884 multa

149 3931 151 3936 .
962 3927 1003 3988 6,
