2704 4560
688 308 737 385 dl

254 493 312 558 Illa
335 497 413 558 enim
437 499 593 575 consona,
618 497 724 575 quibus
746 499 832 560 nnius
854 493 1072 574 multorumque
1090 496 1233 558 notiones

189 600 313 661 affectae
335 605 411 684 sint,
436 609 466 662 et
487 605 518 662 in
542 603 646 679 qrdbns
659 604 810 680 quidquid
832 603 891 663 sibi
916 607 1061 681 repugnat
1086 607 1233 678 tanquam

187 705 351 766 virtualiter
373 706 473 795 lateat,
497 711 528 768 in
549 708 607 767 hoc
630 705 799 768 transeundi
822 712 970 767 momento
993 703 1082 782 plane
1114 722 1230 763 evane-

187 815 284 868 scunt
322 809 421 886 Atque
444 829 544 888 unum,
568 815 616 870 oui
638 814 708 870 insit
737 814 909 872 momenti
931 812 977 869 vis
999 815 1087 886 atque
1109 814 1227 884 natiue,
1317 843 1318 846 =

187 928 249 970 non
272 913 399 989 amplius
422 917 453 973 in
476 917 638 974 contrarias
659 921 759 990 partes
782 914 961 990 distrahitur,
985 914 1039 973 sed
1060 904 1136 972 inter
1159 911 1228 972 illas

190 1019 331 1091 tanquam
353 1019 483 1076 medium
506 1025 638 1094 apparet,
662 1017 713 1084 ubi
737 1020 884 1079 contraria
910 1018 973 1094 jam
1001 1033 1063 1076 non
1092 1016 1150 1076 sibi
1180 1019 1226 1074 in-

187 1122 285 1178 vicem
307 1130 481 1198 repugnant.
515 1121 569 1182 Ita
591 1139 675 1181 vero
698 1110 794 1182 inter
816 1138 898 1182 sese
920 1119 1223 1181 reconciliantur.

250 1223 356 1300 Itaque
379 1243 480 1301 unum,
503 1229 529 1284 si
552 1227 670 1302 quidem
691 1233 842 1286 momento
865 1223 1022 1284 Platonico
1052 1223 1216 1294 illustratur,

186 1325 364 1387 discriminis
388 1346 484 1404 neque
507 1347 622 1406 expers,
645 1333 730 1389 utin
753 1330 846 1404 illesi,
870 1346 966 1406 nequo
995 1331 1167 1407 particeps,
1194 1332 1218 1385 ut

186 1431 216 1488 in
238 1430 379 1490 antithesi
403 1438 464 1506 est,
488 1434 552 1491 sed
575 1432 651 1492 talc
673 1436 798 1510 potius
820 1439 985 1510 apparet,
1015 1430 1127 1509 quale
1150 1433 1222 1492 dis·

186 1535 347 1610 crimina,
371 1553 462 1611 quae
485 1538 623 1613 inipso
646 1534 810 1612 lateant,
842 1553 886 1598 ex
913 1554 949 1597 sc
971 1539 1053 1614 ipso
1076 1539 1224 1613 gignat,

184 1654 254 1697 non
274 1640 323 1698 iis
346 1639 452 1699 adsit.
754 1699 762 1717 ,
784 1711 790 1723 ⁸

249 1740 285 1801 In
314 1740 370 1801 hac
402 1744 600 1821 disputatione
623 1743 711 1805 Plato
743 1743 893 1820 duplicem
922 1742 1006 1802 illam
1034 1744 1142 1802 ideae
1166 1746 1226 1803 vim

185 1851 274 1921 atque
296 1851 441 1922 patinam,
466 1865 524 1923 qua
546 1849 664 1924 quidem
687 1846 819 1924 generali
848 1851 961 1907 unitate
990 1863 1088 1906 rerum
1118 1849 1227 1908 discri-

183 1951 263 2009 mina
286 1956 315 2009 et
336 1957 514 2027 negentur
530 1959 560 2011 et
575 1958 848 2027 conserventur,
867 1949 1025 2029 explanare
1037 1951 1147 2027 studet,
1172 1953 1226 2012 scd
1317 2017 1318 2026 χ

183 2059 308 2130 utraque
336 2053 390 2113 illa
410 2058 455 2115 vis
480 2049 727 2136 (dieBedeutung
749 2057 801 2116 der
814 2054 994 2116 idealiter
1008 2055 1068 2114 und
1083 2055 1136 2114 des
1151 2055 1227 2116 Mo·

184 2155 331 2240 mentes)
355 2161 386 2217 in
408 2163 495 2220 unius
518 2161 791 2222 indifferentia
813 2177 912 2220 rursus
936 2161 1123 2236 extinguitur,
1150 2177 1226 2236 quae

185 2262 305 2336 quidem
329 2256 543 2347 (indifferentia)
565 2266 628 2342 jem
650 2284 710 2325 non
732 2268 797 2325 sine
820 2263 882 2324 ullo
899 2263 1068 2325 discrimine
1084 2269 1149 2338 est,
1173 2265 1227 2322 sed

183 2363 397 2425 discrimina
418 2372 543 2445 potius
566 2375 601 2427 ct
623 2369 789 2444 ponendo
813 2367 1029 2439 etnegando
1045 2367 1226 2442 procedit.
1317 2413 1318 2426 ,

181 2465 261 2527 Illud
282 2471 371 2545 igitur
393 2470 549 2547 effugium,
581 2487 638 2544 quo
669 2469 831 2526 antinomia
862 2468 994 2524 converti
1020 2467 1127 2543 jussit,
1160 2472 1224 2547 ipse
1317 2459 1318 2462 '

182 2571 378 2650 philosophus
401 2577 551 2652 ingressus
574 2577 629 2645 est,
653 2573 702 2646 qui
724 2585 815 2626 unum
846 2571 988 2628 momenti
1017 2568 1084 2630 luce
1114 2575 1157 2632 ita
1181 2571 1219 2628 il-

183 2675 360 2753 lustraverit,
385 2685 423 2736 ut
444 2679 486 2736 ab
504 2682 655 2734 externa
670 2670 908 2732 multitudine
925 2665 1087 2735 alienum
1102 2679 1217 2753 ipsum

185 2797 203 2835 a
226 2796 261 2837 sc
284 2783 366 2855 ipso
390 2780 556 2837 differat.
1317 2853 1318 2874 Χ

248 2878 471 2957 Quod-quidem
488 2884 678 2955 momentum,
695 2881 727 2938 in
742 2897 799 2956 quo
813 2879 972 2942 multorum
986 2883 1148 2944 discrimina
1163 2890 1217 2932 so·
1317 2875 1318 2880 ’

183 2983 335 3043 lummodo
348 2983 469 3058 lateant,
493 2999 564 3042 sane
587 2986 688 3059 negari
698 2987 816 3061 nequit,
840 2981 1220 3064 Empedoenssphaerae
1317 3029 1318 3032 ,

182 3082 329 3169 (σφαίρῳ)
348 3090 437 3155 etiam
449 3085 574 3146 similius
587 3103 662 3164 esse,
677 3107 764 3165 quam
771 3088 906 3150 Platonis
917 3092 1029 3150 ideae.
1044 3085 1107 3146 Nec
1118 3089 1220 3141 tamen

181 3194 337 3267 quisquam
358 3190 487 3266 negabit,
511 3189 645 3252 Platonis
675 3193 773 3252 ideam
801 3197 832 3252 in
862 3197 1003 3254 momenti
1025 3197 1130 3251 natura
1157 3187 1220 3264 jam

66 3337 77 3360 .
181 3295 355 3371 dispositam
370 3302 458 3372 atque
480 3295 709 3370 praeformatam
731 3315 806 3358 esse.
846 3297 906 3356 Sed
924 3297 988 3373 jam
1004 3297 1220 3370 computemus

181 3415 256 3472 quae
280 3405 344 3458 tota
365 3403 461 3479 prima
482 3403 643 3460 antinomia
666 3399 813 3462 effecerit:

283 3503 380 3563 Unum
403 3508 428 3564 si
452 3511 507 3581 est,
530 3508 562 3564 in
585 3510 746 3566 conantes
768 3511 868 3582 partes
890 3510 1022 3564 vocatu.
1055 3495 1136 3570 Quas
1159 3515 1219 3558 ¹¹⁰ss

285 3606 372 3666 aliter
402 3609 477 3668 ferre
507 3616 623 3686 potest,
656 3627 743 3686 quam
771 3615 805 3667 ut
834 3609 872 3667 ab
902 3608 995 3668 altera
1027 3601 1065 3658 ad
1094 3597 1220 3662 alteram
1317 3669 1318 3672 ,

282 3718 460 3773 transeat.
506 3713 541 3773 In
564 3714 620 3772 hac
643 3716 732 3789 igitur
754 3709 984 3771 transeundi
997 3707 1112 3764 ratione
1128 3723 1218 3766 unum
1317 3721 1318 3732 ¹

283 3822 423 3893 tanquam
444 3823 672 3878 momentum
695 3815 810 3891 elucet,
842 3814 920 3894 quod
942 3813 1089 3872 contraria
1109 3813 1219 3888 pariter
