2704 4560
639 329 685 402 97

215 511 353 576 Ceterum
374 514 406 572 in
426 511 551 589 singulis
573 512 660 592 hujus
683 517 862 576 antinomias
882 514 1017 593 partibus
1039 509 1131 570 thesis
1154 515 1185 570 et

148 617 304 677 antithesis
326 615 447 676 alterius
470 620 649 678 antinomiae
673 619 768 678 denuo
791 625 958 680 occurrunt.

215 721 291 781 Nam
311 738 348 780 ex
367 719 462 781 altera
479 713 640 780 antinomia
662 721 745 798 alia,
774 725 806 782 si
832 741 936 782 unum
954 723 1013 797 sit,
1041 719 1183 794 sequitur,

147 831 209 884 aut
230 827 338 885 unius
360 827 565 901 participia
586 830 648 884 aut
669 843 816 902 prorsus
831 843 900 886 non
917 842 1010 886 esse.
1029 822 1113 882 Haec
1129 840 1183 880 an-

147 929 279 1004 tinomia,
303 931 334 988 si
356 946 462 988 uuum
482 945 554 987 uon
576 931 632 1004 sit,
657 923 1184 990 etiamaliaoruninouonesse

148 1031 302 1110 explicans
326 1049 363 1092 ex
384 1032 541 1110 hypothesi
563 1051 618 1093 sua
641 1035 765 1092 eaudern
788 1033 880 1094 edicit
900 1035 1072 1096 doctrinam.

212 1134 283 1195 Alia
303 1139 400 1212 igitur,
425 1140 533 1214 quippe
557 1153 632 1212 quae
654 1139 718 1195 sine
741 1155 800 1197 uno
816 1138 1108 1214 cogitarinequeant,
1130 1149 1184 1210 per

147 1233 187 1300 se
200 1241 267 1318 ipsa
289 1244 375 1300 unius
396 1245 549 1306 notionem
570 1245 716 1316 spectant.

153 1425 155 1430 Α
212 1341 278 1418 Qua
299 1346 420 1421 quidem
441 1346 611 1419 antinomia,
634 1343 769 1404 Zellerus
791 1346 895 1404 nierito
919 1345 1001 1419 dicit,
1024 1344 1111 1402 unius
1134 1357 1183 1401 es·

145 1448 272 1506 sentiam
294 1446 540 1523 cosmologico
564 1451 669 1523 quasi
692 1455 905 1524 argumento
920 1447 1088 1526 approbari,
1105 1445 1184 1521 quod

38 1543 41 1550 ’
149 1551 310 1627 ontologici
332 1554 493 1628 superioris
516 1555 681 1626 argumenti
705 1555 789 1628 quasi
811 1551 1049 1628 supplementum
1068 1551 1184 1609 eximat.

211 1653 325 1730 Quodsi
348 1673 439 1714 uuum
461 1657 525 1716 siue
547 1654 648 1716 multis
672 1659 789 1733 concipi
811 1673 872 1714 non
893 1673 983 1732 posse
1010 1657 1101 1732 priori
1130 1670 1183 1711 an-

148 1763 281 1835 tinomia,
304 1759 398 1818 multa
419 1762 484 1820 sine
506 1777 566 1819 uno
588 1762 701 1836 pariter
721 1778 782 1820 non
806 1762 923 1836 concipi
944 1759 1001 1818 hac
1023 1759 1185 1823 antinomia

146 1864 310 1923 edocemur.
342 1863 425 1940 Quae
449 1881 515 1922 cum
538 1867 580 1922 ita
601 1866 670 1939 sint,
694 1867 797 1926 unius
813 1863 1077 1938 multorumque
1101 1877 1183 1919 con-

92 1949 98 1952 *
147 1983 287 2040 sensus,
311 1969 394 2044 eujus
417 1971 626 2028 necessitatem
635 1968 782 2028 indirecta
804 1971 888 2044 quasi
910 1969 960 2028 via
984 1984 1000 2024 e
1022 1965 1113 2043 priori
1128 1962 1184 2040 hy-

144 2069 262 2146 pothesi
286 2070 475 2146 conjecimus,
496 2071 558 2148 jam
581 2072 726 2132 directe
750 2090 794 2132 ex
817 2071 949 2132 altere
970 2067 1184 2147 hypothesi

144 2179 306 2249 apparet.

211 2275 315 2351 Itaque
338 2279 489 2353 utriusque
512 2275 685 2354 hypothesis
707 2281 782 2338 ratio
805 2282 836 2338 in
863 2296 899 2339 eo
922 2283 1051 2352 constet,
1083 2276 1184 2352 quod

147 2396 240 2455 quae
262 2381 450 2440 indirecta
471 2384 531 2442 via
554 2399 595 2440 en
616 2384 730 2459 prima
752 2388 879 2442 secuta
900 2385 982 2458 sint,
1006 2399 1126 2442 eorum
1141 2398 1183 2440 ex

146 2481 264 2542 altera
285 2484 485 2562 hypothesi
506 2489 714 2548 necessitas
737 2487 868 2548 elueet.

211 2586 252 2648 Ut
274 2591 362 2664 igitur
384 2607 473 2664 quarn
496 2589 659 2650 clarissime
682 2595 773 2652 totius
785 2592 970 2652 Parmenidis
983 2607 1100 2650 summa
1113 2607 1182 2666 per-

146 2691 298 2765 spiciatur,
323 2705 358 2748 ea
377 2692 449 2766 jam,
474 2709 549 2766 quae
573 2710 610 2750 eu
625 2700 761 2766 quattuor
775 2693 885 2769 dialogi
900 2695 1183 2769 antinomiisparatu

146 2799 232 2868 sunt,
259 2793 317 2852 sub
346 2799 465 2853 nostras
495 2794 703 2870 disputationis
730 2795 820 2856 finem
845 2796 909 2874 jam
937 2797 1065 2856 breviter
1099 2813 1182 2856 eom-

145 2913 304 2976 ponamus:

209 3001 234 3060 Ι.
257 2999 370 3061 Unum
392 3004 422 3061 si
446 3008 509 3076 est,
534 3004 715 3079 sequitur:

248 3101 277 3184 1)
300 3105 347 3166 Ut
367 3120 471 3166 unum
492 3107 613 3183 ipsum
634 3113 696 3166 aut
719 3108 866 3166 omniuo
883 3123 952 3164 non
974 3109 1032 3181 sit,
1055 3114 1181 3183 quate-

300 3225 366 3269 nus
388 3209 503 3270 multa
522 3216 649 3287 negat,
680 3217 743 3272 eut
771 3209 895 3270 multa
916 3215 955 3270 et
977 3214 1183 3270 contrariu

303 3328 383 3370 esse
406 3317 650 3391 existimetur,
674 3320 853 3391 quatenus
875 3312 988 3374 multa
1008 3314 1181 3374 affirmet
1205 3353 1234 3380 .-

250 3407 280 3494 2)
302 3413 348 3474 Ut
375 3417 502 3493 multa,
539 3422 611 3481 nisi
644 3437 712 3480 uuo
745 3413 989 3498 participant,
1026 3420 1182 3480 omuino

300 3535 371 3577 non
392 3523 475 3580 siut.

210 3620 250 3680 Π.
274 3621 439 3688 Unumsi
461 3632 624 3703 nonest,
647 3631 827 3705 sequiturt

251 3722 280 3812 i)
303 3726 1171 3818 Utunuruipsuua,quatenusduoneus)cogitetur
