2704 4560
626 327 672 400 ie

200 511 314 588 Quodsi
325 509 487 590 aequalitas
503 515 591 588 atqua
605 509 801 588 inaequalitas
815 513 847 570 in
859 513 1029 588 quantitatis
1046 511 1170 573 sormam

135 622 176 678 ita
196 617 384 692 rediguntur,
415 619 448 674 ut
476 613 564 692 hujus
591 616 721 674 notionis
744 620 883 691 tanquam
905 621 1004 692 partes
1026 631 1093 674 sose
1115 613 1170 674 ha-

135 722 238 794 beant,
269 716 361 812 illpd,
392 735 449 794 quo
479 735 569 797 supra
598 717 787 794 offendimur,
814 717 877 796 Jam
899 718 988 796 plane
1010 719 1171 778 refutatum

136 824 275 883 videmus.
309 820 385 882 Nam
400 823 497 882 muati
519 838 629 897 sumus,
652 824 799 898 parvitate
822 827 852 881 et
874 823 1075 898 magnitudine
1098 839 1170 899 sup-

136 930 241 1007 posita,
272 943 332 988 non
355 913 514 1005 quidquam
534 923 583 986 vel
604 943 728 1003 parvum
750 924 798 984 vol
821 942 960 1000 magnum
982 943 1047 986 esse
1070 942 1169 1002 posse.

200 1029 260 1090 Sed
288 1031 418 1106 paruus
448 1034 536 1108 atquo
566 1029 754 1105 magnitudo,
785 1031 812 1088 si
840 1032 923 1107 ipsae
953 1047 1006 1108 por
1035 1032 1170 1106 seipsas

137 1134 270 1209 valeant,
297 1131 361 1192 fieri
383 1136 502 1210 nequit,
532 1138 566 1192 ut
587 1131 674 1190 robus
697 1121 797 1192 u'urltis
826 1121 858 1191 et
886 1134 1087 1192 determinatis
1116 1133 1170 1194 ad·

140 1240 207 1312 sint,
232 1239 339 1318 quippe
361 1239 393 1295 in
415 1237 520 1313 quibus
543 1252 603 1294 non
624 1232 751 1312 amplius
780 1237 863 1312 ipsae
884 1252 938 1312 per
959 1252 992 1296 se
1015 1239 1095 1314 ipsas
1117 1255 1171 1296 va·

135 1340 224 1416 leant,
248 1342 301 1400 sed
323 1339 416 1398 altera
438 1339 477 1396 ad
498 1337 621 1396 alteram
642 1339 793 1397 reseratur.
819 1335 900 1412 Quas
917 1339 967 1398 ubi
982 1340 1021 1398 ad
1034 1342 1172 1398 numeri

135 1447 286 1504 notionem
314 1440 464 1516 retulerit,
493 1441 555 1517 jam
585 1440 623 1500 ad
649 1446 761 1502 rectam
783 1443 970 1520 ipsarumque
993 1441 1171 1520 singularem

133 1553 268 1610 naturam
289 1546 484 1605 revocaveris.
536 1544 626 1606 Tales
657 1548 735 1605 onim
760 1545 823 1622 jam
853 1564 913 1606 non
942 1549 1025 1624 ipsae
1054 1564 1107 1623 per
1138 1564 1171 1606 so

133 1654 224 1730 ipsas,
249 1650 301 1710 sod
324 1650 547 1726 quantitatis
568 1651 692 1729 potius
709 1655 877 1725 tanquam
892 1656 1015 1728 partos
1031 1652 1170 1728 accipi·

133 1761 257 1828 untur,
288 1755 319 1814 id
349 1753 428 1832 quod
451 1769 488 1812 ox
509 1755 556 1828 iis,
580 1769 656 1828 quae
678 1753 766 1812 modo
790 1753 941 1832 disputata
963 1760 1049 1830 sunt,
1081 1752 1171 1812 facile

135 1861 331 1936 cognoscitur.
689 1869 693 1876 ·

200 1955 268 2040 (Dio
289 1960 445 2020 Kleinhoit
466 1960 527 2020 und
551 1960 661 2020 Griisse
684 1958 767 2034 sind,
798 1957 904 2018 sobald
933 1959 983 2018 ioh
1012 1961 1055 2018 sie
1078 1959 1172 2018 durch

135 2065 182 2128 die
204 2063 365 2138 Kategorie
395 2065 447 2122 der
476 2060 566 2120 Zahl
596 2060 753 2135 vorstede,
784 2079 843 2122 von
872 2061 949 2122 iiuer
976 2062 1172 2122 seheinbareu

136 2165 387 2240 Selbsttindigkeit
420 2163 527 2247 beireit
563 2163 623 2222 und
658 2166 690 2222 in
726 2162 788 2222 die
823 2163 1061 2228 sliessenden
1088 2165 1170 2227 Mo-

136 2270 255 2324 monte
279 2266 341 2327 der
365 2263 561 2342 Quantittit
583 2262 751 2346 ausgeldst.)
885 2335 888 2344 Ι

201 2368 306 2444 Unum,
331 2387 399 2429 eum
420 2372 468 2444 sit,
493 2371 583 2428 etiam
605 2376 764 2447 tempore
786 2374 1055 2456 participat¹¹⁶
1084 2370 1171 2449 Quod

135 2472 206 2530 dum
229 2479 361 2550 tempore
382 2474 517 2551 procedit
539 2481 569 2533 et
591 2477 717 2535 senius
745 2481 781 2534 et
805 2476 930 2554 junius
952 2479 1169 2554 semetipso

133 2578 186 2636 fit.
202 2579 244 2615 117

203 2678 353 2756 Quidquid
375 2686 472 2739 autem
495 2699 514 2738 a
534 2684 693 2757 praeterito
717 2681 755 2740 ad
769 2682 899 2741 futurum
914 2687 1057 2757 movetur,
1081 2684 1171 2741 etiam

134 2783 303 2862 praesentis
326 2785 466 2860 temporis
489 2788 630 2860 punctum
652 2801 822 2862 pererurere
845 2785 948 2860 debet,
973 2803 1030 2861 quo
1054 2785 1172 2864 quidem

134 2881 246 2964 punot'o
269 2903 442 2964 progressus
467 2889 607 2964 temporis
637 2890 722 2964 quasi
743 2885 877 2947 sublatus
899 2894 988 2966 atque
1011 2889 1170 2966 impeditus

12 2967 20 3048 ⁸.
134 3007 201 3050 esse
223 2990 347 3050 videtur.
373 2989 478 3068 Itaque
503 3009 695 3071 quaeeunque
711 2998 842 3069 tempore
857 2992 1059 3071 provehuntur
1073 2996 1170 3074 ipsum

21 3463 30 3489 Ι
76 3407 132 3464 151
224 3395 317 3469 Οὕτω
338 3406 385 3492 aq*
407 3401 464 3488 αὖ,
486 3409 528 3484 ὥς
549 3412 644 3489 ἔοικε,
667 3410 710 3476 τό
731 3412 769 3475 ἓν
791 3411 851 3475 καὶ
872 3409 957 3476 ἴσον
972 3409 1033 3474 καὶ
1051 3409 1170 3475 πλέον

1 3483 39 3562 Μ
84 3479 120 3531 Ε·
221 3493 284 3557 καὶ
304 3493 465 3559 ἔλαττον
487 3495 554 3561 τόν
577 3495 748 3582 ἀριθμόν
771 3494 867 3562 αὐτό
890 3520 931 3559 τε
959 3483 1057 3560 αὐτό
1082 3499 1171 3566 deae

13 3570 40 3625 iffi
75 3567 133 3674 ¹p5’2
219 3580 375 3643 καὶτῶν
398 3575 526 3646 ἄλλων.

38 3743 40 3751 J
85 3688 123 3740 Α,
153 3676 195 3712 ¹¹⁶
222 3667 381 3748 Μετέχειν
402 3671 462 3750 μὲν
485 3666 550 3754 ἄρα
575 3672 621 3740 ἔςι
640 3670 749 3755 χρόνε,
773 3671 864 3756 εἴπερ
886 3671 938 3736 καὶ
962 3671 1007 3732 τῦ
1028 3659 1135 3732 εἶναι·

9 3739 41 3886 {z
84 3758 121 3810 Β.
153 3759 195 3794 ¹¹⁷
221 3757 365 3852 αΓίγνεται
385 3757 446 3837 μὲν
468 3755 515 3846 aq*
534 3755 690 3848 νεώτερόν
712 3784 748 3827 τε
772 3760 825 3825 καὶ
842 3755 1061 3844 πρεσβύτερον
1088 3754 1170 3845 οςῠτὲ

1 3889 2 3892 ,
219 3861 291 3904 aaa.
