2704 4560
214 532 320 599 annitar
337 517 406 597 vere
423 531 664 616 eomprehendam,
686 539 719 597 ut
739 544 854 616 praeter
875 555 907 600 ee
922 537 1018 618 ipsam
1033 553 1083 602 eae
1097 546 1243 620 tanquam

215 641 348 704 exehuaa
370 641 486 702 habeat.
517 639 662 716 Quiddam
682 644 771 720 igitur
792 645 913 704 interest
934 647 1009 706 inter
1030 648 1112 708 ideas
1128 655 1158 707 et
1179 665 1240 710 ree.

213 747 297 810 Unde
320 745 445 806 efficitur
466 753 500 806 ui
520 747 559 806 ad
580 745 685 806 altiora
706 751 971 824 genera-nitamur.
1181 820 1185 831 Ι

240 869 245 878 ·
277 851 380 929 Itaque
402 852 468 910 idea
489 857 610 910 tantum
623 852 707 939 abeat
727 858 761 912 ui
781 869 873 929 genus
895 871 985 914 unum
1010 854 1240 934 absolutmnqna
1313 879 1314 964 p

98 1010 102 1018 ,
213 961 261 1033 sit,
273 963 306 1015 ut
316 951 377 1017 s'uis
388 953 493 1016 finibus
503 961 643 1030 tanquam
654 956 795 1016 exeedere
808 964 895 1034 atque
909 975 1030 1020 numere
1045 961 1159 1020 infinita
1170 977 1239 1022 ease

213 1061 354 1121 videatur.
378 1059 475 1134 Atque
487 1059 561 1118 haec
574 1060 694 1136 quidem
704 1059 795 1121 Unius
806 1051 1021 1139 multorumque
1032 1068 1235 1142 repugnantia,
1314 1062 1315 1126 i

214 1183 271 1242 qna
298 1183 358 1226 non
385 1165 473 1224 mede
502 1181 560 1222 una
588 1165 751 1226 sedetiam
779 1165 911 1242 singulae
933 1167 1018 1226 ideae
1040 1169 1071 1225 in
1092 1168 1235 1228 infinitam

213 1269 429 1330 multitudiuem
451 1269 630 1346 dirimantur,
653 1269 787 1346 prefecto
800 1270 863 1346 fugi
877 1273 988 1347 nequit,
1012 1273 1038 1330 si
1051 1272 1134 1332 ideas
1148 1278 1230 1346 atque

212 1391 259 1436 ree
283 1381 416 1434 externas
439 1373 491 1432 tali
512 1366 626 1433 ratione
649 1375 739 1434 statui
759 1373 839 1434 veiis»
857 1374 936 1450 quali
955 1375 1057 1453 juxta
1078 1393 1153 1437 eene
1173 1377 1229 1436 sint

213 1483 337 1557 positae.
512 1555 514 1562 Α

279 1582 357 1643 Tum
376 1564 475 1643 autem
496 1581 563 1640 idea
583 1599 643 1640 nen
663 1582 751 1641 modo
773 1599 855 1658 nna,
886 1569 940 1642 sed
961 1599 998 1642 ne
1020 1584 1099 1644 idea
1120 1584 1237 1661 quidem

214 1695 259 1749 est
280 1689 419 1764 quomam
439 1703 499 1745 non
522 1692 567 1745 esi
594 1705 684 1746 unum
704 1692 793 1762 nique
816 1704 969 1751 eomrnune
990 1706 1111 1765 genua.
1154 1687 1237 1748 'Palis
1315 1703 1316 1706 ’

200 1795 292 1852 'enim
305 1792 373 1851 idea
391 1785 453 1868 jam
473 1807 533 1849 non
553 1807 612 1850 una
630 1792 715 1870 J'uxta
736 1790 837 1866 murita,
861 1792 913 1852 aed
934 1809 1005 1854 vera
1026 1796 1124 1870 potius
1146 1798 1235 1868 atque
1315 1823 1316 1826 ι

213 1895 358 1974 generalis
380 1887 537 1956 multorum
558 1897 654 1954 imitas
677 1896 846 1972 apparebit:
876 1895 935 1956 Sed
957 1899 1095 1973 quamdiu
1116 1899 1147 1956 in
1167 1895 1235 1971 hae,

214 2019 288 2079 quae
309 1999 436 2060 vocatur
452 1991 640 2081 μετάληψις,
661 2003 776 2060 ratione
798 2005 920 2076 utraque
942 2016 1010 2078 pare
1039 2005 1177 2078 ipseper
1203 2017 1236 2061 se

213 2108 308 2185 ipsam
337 2112 477 2181 tanquam
507 2101 644 2167 absoluta
672 2111 860 2192 proponetur,
890 2105 1075 2166 idea·etiam
1102 2104 1158 2164 sibi
1180 2106 1237 2181 ipei

212 2211 393 2289 repugnabit.
508 2215 510 2220 ’
607 2258 611 2266 ,
674 2207 676 2213 ’
948 2281 950 2288 Α
1043 2261 1047 2268 .

275 2312 442 2375 Jarn·vere
471 2319 562 2391 patet,
589 2331 651 2390 ·qu0
683 2313 856 2390 disputanda
886 2315 1111 2391 pervenerimus.
1158 2310 1236 2371 Con-

213 2425 272 2480 stat
294 2421 380 2493 enim,
402 2417 515 2476 ideam
536 2436 599 2494 per
620 2435 657 2478 se
672 2420 785 2495 ipsam
807 2432 919 2492 neque
935 2433 1035 2474 unam
1057 2421 1234 2487 totamque

214 2539 325 2600 neque
346 2527 456 2581 totam
477 2503 696 2597 divisamque
717 2539 830 2598 neque
852 2517 1008 2595 'singulae
1030 2517 1130 2604 idpas
1155 2519 1234 2574 uni-

214 2635 304 2688 tates
320 2627 471 2704 eogitari
485 2641 598 2704 pesse.
616 2624 699 2700 Quae
707 2625 894 2686 difficultates
903 2638 1034 2683 eumnon
1043 2619 1232 2697 expediantur

216 2735 330 2802 etiamsi
366 2710 497 2793 idearum
525 2733 661 2790 notiones
698 2749 846 2808 nunquam
883 2743 948 2789 esse
980 2727 1038 2786 nisi
1071 2728 1103 2784 in
1132 2723 1232 2796 animis

214 2840 321 2896 nestris
344 2823 530 2915 (νοη’ματα,’
543 2837 612 2896 132.
642 2830 668 2918 e)
697 2839 843 2912 statueris,
871 2831 931 2893 hoe
958 2838 1049 2893 restat
1077 2845 1176 2903 unum,
1205 2831 1238 2883 ut

216 2958 290 3017 quae
311 2942 386 2999 ratio
409 2939 667 2999 intercedentium
688 2942 771 3000 ideas
791 2956 898 3016 resque
921 2917 1057 2997 entemas
1076 2933 1135 2993 alie
1148 2930 1236 2992 modo

215 3046 309 3106 nobis.
323 3043 526 3104 comutuenda
537 3061 613 3103 ¹esee
635 3046 777 3104 videatur.
1124 3021 1126 3028 ¹

226 3167 232 3174 ·
277 3151 410 3210 ‘Primnun
433 3148 545 3229 ,duent
570 3150 717 3226 quiepiam
741 3148 824 3208 ideae
853 3139 1157 3238 arepugnantia.iila
1179 3156 1238 3217 qua

217 3256 333 3332 quidem
344 3253 467 3315 affectae
483 3255 552 3328 sint,
573 3252 713 3312 iaeillima
734 3249 852 3312 liberani
873 3267 972 3329 posse,
996 3252 1022 3312 ei
1043 3251 1125 3326 ipsae
1136 3232 1193 3324 'per
1207 3261 1239 3303 se

211 3363 296 3437 ipsae
318 3361 361 3429 iia
382 3359 607 3432 constituuntur,
630 3361 663 3414 ut
677 3361 818 3432 tanquam
829 3353 1044 3434 exemplaria
1059 3345 1239 3432 (παραδείγ-

216 3458 315 3544 ματα)
338 3465 494 3526 unauna
516 3457 685 3542 consistam
709 3459 747 3519 ad
770 3477 844 3537 qnae
866 3474 914 3518 rea
938 3466 1075 3518 exter-rrae
1100 3461 1240 3530 tanquam

217 3563 405 3627 simulacra
427 3557 634 3646 (ὁμὸιιόματα)
658 3549 828 3626 referamur.
872 3563 951 3624 Tum
967 3577 1038 3623 vero
1062 3564 1161 3617 ceiera
1181 3573 1242 3615 nen

55 3705 58 3714 ‹
157 3723 162 3730 .
218 3670 304 3731 aliter
326 3671 452 3749 amplius
474 3653 548 3729 ideis
570 3670 747 3746 participant
763 3686 851 3745 quam
867 3668 945 3746 qued
959 3665 1022 3726 illis
1037 3661 1145 3724 einrilia
1159 3660 1241 3720 fiunt.

217 3775 301 3838 Unde
331 3779 463 3853 sequere
490 3776 633 3842 rationem
654 3783 737 3852 'quaa
762 3753 952 3836 interimas
979 3782 1086 3844 resque
1106 3771 1244 3826 externas
