2704 4560
462 1629 824 1750 Prooemium.

217 1855 396 1940 consilium
417 1835 539 1939 noslrae
561 1874 769 1956 disputationis
789 1877 846 1940 boc
864 1885 929 1956 est,
951 1883 984 1963 ut
1006 1875 1154 1936 Parme·

136 2012 241 2074 nidis
270 2013 412 2090 Platonici
439 2020 654 2096 argumentum.
676 2013 843 2094 explicetur
864 2013 991 2114 ejusque
1012 2009 1043 2070 in
1063 2009 1154 2072 rebus

136 2146 350 2229 philosophicis
384 2147 512 2230 dignitas
546 2166 633 2227 quam
666 2147 902 2211 luculentissime
928 2146 1155 2209 demonstretur.

137 2281 170 2343 ln
192 2282 281 2344 tantis
304 2300 339 2343 ac
360 2289 418 2342 tam
436 2281 656 2364 singularibus,
688 2283 796 2364 quibus
818 2281 1008 2370 Parmenides
1032 2281 1155 2359 laborat,

138 2416 359 2480 dillicultatibus
389 2425 479 2498 atque
508 2417 538 2480 in
572 2389 696 2497 eximia,
728 2419 766 2481 ad
796 2437 883 2501 quarn
917 2417 1053 2501 singulae
1089 2417 1154 2498 ejus

76 2593 79 2604 ·
136 2561 238 2634 partes
264 2560 387 2616 exactae
408 2562 493 2632 sunt,
520 2555 681 2617 severitate
710 2554 865 2617 dialectica
889 2554 1067 2617 contrahere
1088 2551 1155 2615 vela

137 2689 189 2751 vix
211 2689 298 2750 nobis
319 2687 411 2750 licuit.
1036 2669 1039 2674 ¹

221 2822 406 2901 Quocunque
421 2822 499 2883 enim
511 2821 668 2885 decurtare
682 2822 834 2884 materiem
850 2821 1049 2900 studeremus,
1065 2819 1154 2884 vide-

136 2959 241 3023 bamur
260 2957 414 3021 absolutae
433 2959 534 3038 operis
553 2956 730 3039 perfectioni
753 2957 864 3039 aliquid
884 2956 1042 3022 detrahere
1062 2966 1153 3038 atquc

136 3096 236 3179 logico
266 3094 309 3156 illi
346 3093 517 3176 organismo
555 3091 764 3157 detrimentum
791 3095 917 3173 afferre,
952 3093 1033 3175 quod
1062 3094 1152 3156 totius

141 3229 250 3313 dialogi
264 3229 426 3294 intellectui
442 3227 584 3293 alliceret.
622 3230 725 3313 ltaque
741 3249 812 3294 cura
827 3249 915 3312 quam
929 3230 1013 3331 potui
1027 3229 1153 3293 maxima

137 3373 343 3450 argumentum
367 3365 477 3449 dialogi
507 3375 685 3446 persecutns
716 3384 781 3431 sum
810 3376 900 3447 atque
922 3385 960 3428 ex
981 3365 1057 3446 ipsis
1077 3364 1153 3427 locis

136 3501 296 3566 Platonicis
318 3501 529 3582 exponendum
549 3503 663 3606 pptavh
683 3511 716 3566 ut
737 3503 802 3582 bac,
824 3522 901 3584 quae
922 3501 993 3566 mibi
1008 3501 1152 3600 tutissima
1195 3509 1198 3514 '

137 3638 312 3717 videbatur,
348 3638 397 3700 via
436 3639 590 3719 proprium
620 3638 686 3720 ejus
719 3639 897 3736 principium
926 3635 1153 3721 intelligeretur.

20 3845 22 3854 ,
138 3773 232 3846 Quem
253 3773 292 3838 ad
311 3773 400 3878 linem
420 3781 454 3836 ut
471 3774 716 3855 perveniremus,
739 3774 766 3837 si
788 3775 874 3838 nobis
896 3774 1036 3857 contigit,
1066 3770 1152 3834 facile

20 3883 27 4019 's
139 3908 246 3992 opinor
274 3911 361 3976 nobis
392 3909 628 3992 condonabitur,
658 3911 686 3976 si
707 3910 832 3995 opibus,
863 3910 970 3996 quibus
999 3907 1151 3974 nitendum
