2712 4556
700 363 748 441 oi

262 549 422 616 Praeterea
440 567 539 631 anun,
564 569 632 616 eum
646 560 780 633 tempora
789 551 904 631 subeat,
928 551 1017 614 mam
1031 554 1235 633 praeteriti,

195 661 407 738 praesentis
444 664 533 736 atque
573 659 691 718 futuri
728 659 915 735 particeps
952 674 1035 718 esse
1073 665 1234 736 oportet.

197 759 414 838 Quodnam,
442 761 527 839 eujus
548 761 691 822 attributa
712 762 832 822 onuriao
861 763 892 822 in
921 767 1060 839 promptu
1089 763 1166 838 sint,
1197 763 1236 825 ad

195 872 327 926 nostram
360 867 558 942 cognitionem
587 868 630 924 ita
657 864 760 924 referri
789 870 902 942 potest,
934 872 1234 943 utcogneseatur‚

196 970 398 1047 cogitetur,
421 967 666 1029 sentiatur.¹²⁸

259 1213 307 1276 Ita
328 1214 405 1277 thesi
426 1219 546 1278 omnino
560 1221 706 1295 repugnat
716 1215 880 1276 antithesis.
908 1191 977 1276 Uni
992 1231 1230 1293 quaecunque

194 1317 1223 1397 alteradenegatalteraassignat.Namunumomnium‚quac-

195 1439 311 1499 cunque
332 1428 411 1500 sunt,
435 1427 646 1485 contrariorum
664 1427 696 1484 in
717 1423 794 1484 thesi
808 1422 897 1502 plane
912 1441 1027 1503 expers,
1042 1426 1073 1482 in
1088 1421 1226 1482 antithesi

185 1528 314 1586 'omnino
336 1530 486 1606 particeps
508 1531 689 1607 proponitur.
718 1525 786 1587 Illic
807 1545 899 1587 unum
920 1527 959 1587 ab
971 1529 1050 1586 omni
1061 1525 1228 1587 discrimine

193 1645 329 1706 vacuum,
352 1629 402 1690 hie
426 1613 530 1707 quovis
553 1633 722 1692 discrimine
744 1630 973 1709 implicatum
996 1647 1061 1690 esse
1083 1630 1207 1689 videtur.

258 1731 370 1810 Unum,
400 1734 479 1811 quod
501 1734 592 1795 thesis
614 1734 742 1813 profert,
766 1735 980 1795 discrimine
1003 1737 1131 1810 quovis
1152 1751 1171 1793 a
1192 1750 1230 1793 se

192 1841 329 1897 remoto
351 1840 527 1915 seipsum
550 1840 695 1898 omnino
717 1836 835 1915 tollit3
857 1855 957 1913 ununr,
982 1838 1061 1913 quod
1073 1836 1230 1897 antithesis

193 1939 314 2021 profert,
340 1941 552 2002 discrimine
575 1937 703 2019 quouis
723 1944 982 2018 inserecepto,
1006 1943 1230 2019 suaeipsiua

191 2051 344 2104 naturae
362 2047 503 2106 omnino
517 2052 703 2124 repugnat
727 2045 805 2106 Tum
819 2046 908 2123 igitur
920 2047 1049 2105 omnium
1064 2047 1229 2106 contrario-

190 2163 256 2208 rum
278 2164 393 2227 expers,
416 2147 491 2208 nulli
520 2147 572 2210 elii
595 2166 684 2226 quarn
705 2149 824 2209 sibimet
844 2148 903 2226 ipsi
924 2148 1004 2208 idem
1027 2153 1088 2226 est,
1112 2153 1175 2208 tum
1198 2153 1229 2208 et

190 2250 322 2330 sibiipsi
345 2254 524 2312 contrarium
546 2255 578 2313 ia
599 2253 819 2314 multitudinem
833 2269 930 2312 rerum
947 2259 1098 2314 externam
1118 2253 1227 2312 datra-

189 2351 269 2413 hitur
290 2371 390 2414 lurum.

255 2455 339 2532 Quae
368 2458 496 2534 quidem·
516 2459 664 2536 quomodo
693 2465 724 2518 et
751 2461 783 2518 in
813 2458 890 2522 thesi
919 2467 949 2521 et
974 2463 1006 2520 in
1027 2455 1167 2518 antithesi
1190 2474 1228 2517 ex

188 2546 361 2639 praemissis
382 2568 465 2623 recto
488 2561 591 2623 ordine
613 2568 717 2623 secuta
738 2565 806 2641 sint,
827 2564 890 2643 jam
906 2565 1108 2642 exposuimus3
1130 2578 1226 2638 neque

188 2666 296 2742 minus,
309 2697 324 2711 -
341 2681 518 2744 quemquam
540 2669 641 2744 negari
663 2669 776 2744 nequit,
801 2667 929 2747 logicum
950 2684 1059 2728 nexum
1080 2665 1220 2726 interdum

188 2771 317 2831 cxtenris
339 2768 428 2849 plane
450 2767 578 2833 vinculis
602 2773 756 2850 contineri,
779 2771 938 2852 multisque
961 2771 1037 2836 loeis
1062 2769 1223 2852 sophistice
1342 2765 1343 2779 ¹

272 3101 346 3165 τῶν
366 3094 490 3166 ἄλλων
511 3101 780 3208 πρεσβύτερον
801 3103 905 3169 καὶ
885 3096 1080 3204 radaspou
1101 3096 1161 3167 ἔςι
1181 3118 1225 3160 τε

269 3187 331 3252 καὶ
346 3190 558 3293 γίγνεται,
550 3185 653 3252 καί”
634 3211 699 3253 aar
722 3180 1029 3292 πρεσβυτερον”
1009 3205 1074 3247 aue
1089 3181 1224 3249 verdae·

270 3267 413 3464 wig}
433 3270 558 3347 deust
538 3297 606 3339 aaa
626 3280 796 3360 γίγνεται
828 3293 892 3334 ecc
921 3265 1020 3334 noui
1048 3293 1118 3335 aas
1145 3272 1225 3336 τῶν

136 3473 187 3582 ¹53
205 3450 248 3487 ¹²⁸
262 3437 383 3596 'qu
360 3468 426 3531 αρα
446 3445 552 3599 τέαὶὲν
573 3448 626 3511 καὶ
626 3447 702 3594 geo
722 3442 775 3508 καὶ
795 3444 877 3513 leat
897 3441 990 3507 καὶ
970 3446 1151 3529 eyo'yueao
1172 3443 1225 3508 zui

142 3596 172 3648 Β·
271 3555 527 3707 migramus]
532 3533 832 3728 νέηνῖὶεῖηεῖτῖιαὸτε
843 3615 896 3680 καὶ
909 3615 1012 3692 δόξα
1029 3614 1082 3679 καὶ
1091 3617 1223 3722 αἴσθη-

270 3722 345 3782 σις,
372 3706 463 3792 εἴπερ
489 3705 542 3770 καὶ
570 3707 630 3769 νῦν
658 3703 757 3790 ηιμεΐς
784 3703 859 3813 περὶ
882 3701 965 3768 adue
985 3701 1098 3770 πάντα
1118 3703 1223 3768 ταῦτα

270 3790 468 3896 πράττομεν.
497 3787 611 3854 Ku2'‘
592 3810 717 3874 ονομα
744 3789 794 3877 δη
822 3790 874 3858 καὶ
901 3790 1057 3872 λόγος’
1038 3788 1103 3860 erio
1125 3787 1222 3868 αὐτῷ,

290 3878 345 3944 καὶ
366 3873 614 3960 ὀνομάζεται
634 3879 687 3943 καὶ
707 3877 872 3963 λέγεται,
895 3883 935 3942 ci
959 3897 986 3956 q
1009 3898 1033 3942 s.
