<?xml version="1.0" encoding="UTF-8"?>
<!DOCTYPE html PUBLIC "-//W3C//DTD XHTML 1.0 Transitional//EN"
    "http://www.w3.org/TR/xhtml1/DTD/xhtml1-transitional.dtd">
<html xmlns="http://www.w3.org/1999/xhtml" xml:lang="en" lang="en">
 <head>
  <title>
</title>
<meta http-equiv="Content-Type" content="text/html;charset=utf-8" />
  <meta name='ocr-system' content='tesseract 3.04.00' />
  <meta name='ocr-capabilities' content='ocr_page ocr_carea ocr_par ocr_line ocrx_word'/>
</head>
<body>
  <div class='ocr_page' id='page_1' title='image "./deparmenideplat00fiscgoog_0029.png"; bbox 0 0 2704 4560; ppageno 0'>
   <div class='ocr_carea' id='block_1_1' title="bbox 697 339 838 416">
    <p class='ocr_par' dir='ltr' id='par_1_1' title="bbox 697 339 838 416">
     <span class='ocr_line' id='line_1_1' title="bbox 697 339 838 416; baseline 0.007 -1"><span class='ocrx_word' id='word_1_1' title='bbox 697 339 838 416; x_wconf 85' lang='lat' dir='ltr'><strong>to·</strong></span> 
     </span>
    </p>
   </div>
   <div class='ocr_carea' id='block_1_2' title="bbox 122 524 1320 3527">
    <p class='ocr_par' dir='ltr' id='par_1_2' title="bbox 122 524 1247 1142">
     <span class='ocr_line' id='line_1_2' title="bbox 281 524 1245 622; baseline -0.004 -24"><span class='ocrx_word' id='word_1_2' title='bbox 281 533 438 622; x_wconf 73' lang='lat' dir='ltr'><strong>Quaeritur</strong></span> <span class='ocrx_word' id='word_1_3' title='bbox 467 546 554 612; x_wconf 77' lang='lat' dir='ltr'><strong>nume,</strong></span> <span class='ocrx_word' id='word_1_4' title='bbox 585 547 655 596; x_wconf 89' lang='lat' dir='ltr'><strong>num</strong></span> <span class='ocrx_word' id='word_1_5' title='bbox 676 533 723 595; x_wconf 92' lang='lat' dir='ltr'><strong>his</strong></span> <span class='ocrx_word' id='word_1_6' title='bbox 748 530 914 596; x_wconf 86' lang='lat' dir='ltr'><strong>notionibus</strong></span> <span class='ocrx_word' id='word_1_7' title='bbox 945 529 997 592; x_wconf 87' lang='lat' dir='ltr'><strong>tali</strong></span> <span class='ocrx_word' id='word_1_8' title='bbox 1027 531 1117 592; x_wconf 90' lang='lat' dir='ltr'><strong>modo</strong></span> <span class='ocrx_word' id='word_1_9' title='bbox 1145 524 1245 611; x_wconf 84' lang='lat' dir='ltr'><strong>expli-</strong></span> 
     </span>
     <span class='ocr_line' id='line_1_3' title="bbox 215 637 1247 717; baseline -0.005 -13"><span class='ocrx_word' id='word_1_10' title='bbox 215 645 316 704; x_wconf 87' lang='lat' dir='ltr'><strong>caudis</strong></span> <span class='ocrx_word' id='word_1_11' title='bbox 338 641 380 701; x_wconf 91' lang='lat' dir='ltr'><strong>nil</strong></span> <span class='ocrx_word' id='word_1_12' title='bbox 408 643 465 701; x_wconf 84' lang='lat' dir='ltr'><strong>nisi</strong></span> <span class='ocrx_word' id='word_1_13' title='bbox 492 639 557 700; x_wconf 89' lang='lat' dir='ltr'><strong>sola</strong></span> <span class='ocrx_word' id='word_1_14' title='bbox 583 639 740 700; x_wconf 78' lang='lat' dir='ltr'>methodus</span> <span class='ocrx_word' id='word_1_15' title='bbox 761 637 962 717; x_wconf 87' lang='lat' dir='ltr'><strong>amplificetur,</strong></span> <span class='ocrx_word' id='word_1_16' title='bbox 985 643 1074 715; x_wconf 88' lang='lat' dir='ltr'><strong>atquc</strong></span> <span class='ocrx_word' id='word_1_17' title='bbox 1101 645 1247 716; x_wconf 84' lang='lat' dir='ltr'><strong>tanquam</strong></span> 
     </span>
     <span class='ocr_line' id='line_1_4' title="bbox 213 731 1245 823; baseline -0.002 -16"><span class='ocrx_word' id='word_1_18' title='bbox 213 752 242 807; x_wconf 93' lang='lat' dir='ltr'><strong>in</strong></span> <span class='ocrx_word' id='word_1_19' title='bbox 269 746 333 806; x_wconf 88' lang='lat' dir='ltr'><strong>illis</strong></span> <span class='ocrx_word' id='word_1_20' title='bbox 363 744 497 823; x_wconf 79' lang='lat' dir='ltr'><strong>exempli</strong></span> <span class='ocrx_word' id='word_1_21' title='bbox 519 731 795 821; x_wconf 50' lang='lat' dir='ltr'><strong>earrsaspropositis</strong></span> <span class='ocrx_word' id='word_1_22' title='bbox 825 750 1008 818; x_wconf 76' lang='lat' dir='ltr'><strong>exerceatur,</strong></span> <span class='ocrx_word' id='word_1_23' title='bbox 1039 759 1077 800; x_wconf 84' lang='lat' dir='ltr'><strong>au</strong></span> <span class='ocrx_word' id='word_1_24' title='bbox 1101 747 1245 805; x_wconf 85' lang='lat' dir='ltr'><strong>notiones</strong></span> 
     </span>
     <span class='ocr_line' id='line_1_5' title="bbox 213 835 1244 925; baseline -0.004 -13"><span class='ocrx_word' id='word_1_25' title='bbox 213 852 306 912; x_wconf 85' lang='lat' dir='ltr'><strong>Unius</strong></span> <span class='ocrx_word' id='word_1_26' title='bbox 327 835 543 925; x_wconf 85' lang='lat' dir='ltr'><strong>Multorumquo</strong></span> <span class='ocrx_word' id='word_1_27' title='bbox 563 865 624 907; x_wconf 88' lang='lat' dir='ltr'><strong>nou</strong></span> <span class='ocrx_word' id='word_1_28' title='bbox 646 854 707 907; x_wconf 84' lang='lat' dir='ltr'><strong>tam</strong></span> <span class='ocrx_word' id='word_1_29' title='bbox 724 846 863 908; x_wconf 78' lang='lat' dir='ltr'><strong>methodo</strong></span> <span class='ocrx_word' id='word_1_30' title='bbox 879 862 968 924; x_wconf 86' lang='lat' dir='ltr'><strong>quam</strong></span> <span class='ocrx_word' id='word_1_31' title='bbox 983 849 1055 924; x_wconf 88' lang='lat' dir='ltr'><strong>ipsis</strong></span> <span class='ocrx_word' id='word_1_32' title='bbox 1071 845 1244 908; x_wconf 83' lang='lat' dir='ltr'><strong>notionibus</strong></span> 
     </span>
     <span class='ocr_line' id='line_1_6' title="bbox 215 948 1243 1031; baseline -0.004 -17"><span class='ocrx_word' id='word_1_33' title='bbox 215 953 352 1031; x_wconf 86' lang='lat' dir='ltr'><strong>exempla</strong></span> <span class='ocrx_word' id='word_1_34' title='bbox 373 955 541 1028; x_wconf 86' lang='lat' dir='ltr'><strong>inserviant,</strong></span> <span class='ocrx_word' id='word_1_35' title='bbox 557 953 670 1028; x_wconf 68' lang='lat' dir='ltr'><strong>»quibus</strong></span> <span class='ocrx_word' id='word_1_36' title='bbox 694 948 835 1028; x_wconf 83' lang='lat' dir='ltr'><strong>exemplis</strong></span> <span class='ocrx_word' id='word_1_37' title='bbox 862 949 977 1010; x_wconf 84' lang='lat' dir='ltr'><strong>ceterae</strong></span> <span class='ocrx_word' id='word_1_38' title='bbox 1003 952 1140 1021; x_wconf 87' lang='lat' dir='ltr'><strong>notiones</strong></span> <span class='ocrx_word' id='word_1_39' title='bbox 1170 970 1243 1011; x_wconf 82' lang='lat' dir='ltr'><strong>exa-</strong></span> 
     </span>
     <span class='ocr_line' id='line_1_7' title="bbox 122 1037 1241 1142; baseline -0.002 -26"><span class='ocrx_word' id='word_1_40' title='bbox 122 1041 125 1052; x_wconf 76' lang='grc'><strong><em>’</em></strong></span> <span class='ocrx_word' id='word_1_41' title='bbox 214 1062 369 1133; x_wconf 83' lang='lat' dir='ltr'><strong>minentur,</strong></span> <span class='ocrx_word' id='word_1_42' title='bbox 387 1075 425 1115; x_wconf 88' lang='lat' dir='ltr'><strong>an</strong></span> <span class='ocrx_word' id='word_1_43' title='bbox 442 1057 566 1131; x_wconf 86' lang='lat' dir='ltr'><strong>denique</strong></span> <span class='ocrx_word' id='word_1_44' title='bbox 582 1055 653 1116; x_wconf 84' lang='lat' dir='ltr'><strong>illae</strong></span> <span class='ocrx_word' id='word_1_45' title='bbox 671 1055 764 1142; x_wconf 83' lang='lat' dir='ltr'><strong>Unius</strong></span> <span class='ocrx_word' id='word_1_46' title='bbox 778 1037 994 1130; x_wconf 83' lang='lat' dir='ltr'><strong>Multorumque</strong></span> <span class='ocrx_word' id='word_1_47' title='bbox 1009 1058 1145 1114; x_wconf 87' lang='lat' dir='ltr'><strong>notiones</strong></span> <span class='ocrx_word' id='word_1_48' title='bbox 1155 1058 1241 1133; x_wconf 83' lang='lat' dir='ltr'><strong>ipsae</strong></span> 
     </span>
    </p>

    <p class='ocr_par' dir='ltr' id='par_1_3' title="bbox 167 1145 1249 1969">
     <span class='ocr_line' id='line_1_8' title="bbox 167 1145 1241 1239; baseline 0 -19"><span class='ocrx_word' id='word_1_49' title='bbox 167 1145 169 1154; x_wconf 42' lang='lat'><strong>¹</strong></span> <span class='ocrx_word' id='word_1_50' title='bbox 214 1180 267 1239; x_wconf 90' lang='lat' dir='ltr'><strong>per</strong></span> <span class='ocrx_word' id='word_1_51' title='bbox 288 1180 320 1236; x_wconf 88' lang='lat' dir='ltr'><strong>se</strong></span> <span class='ocrx_word' id='word_1_52' title='bbox 342 1165 421 1239; x_wconf 88' lang='lat' dir='ltr'><strong>ipsas</strong></span> <span class='ocrx_word' id='word_1_53' title='bbox 443 1173 586 1224; x_wconf 79' lang='lat' dir='ltr'><strong>summeun</strong></span> <span class='ocrx_word' id='word_1_54' title='bbox 607 1159 695 1218; x_wconf 88' lang='lat' dir='ltr'><strong>finem</strong></span> <span class='ocrx_word' id='word_1_55' title='bbox 712 1160 903 1236; x_wconf 78' lang='lat' dir='ltr'><strong>disputationi</strong></span> <span class='ocrx_word' id='word_1_56' title='bbox 918 1159 1099 1236; x_wconf 81' lang='lat' dir='ltr'><strong>praebeant?</strong></span> <span class='ocrx_word' id='word_1_57' title='bbox 1121 1161 1166 1219; x_wconf 85' lang='lat' dir='ltr'><strong>Ex</strong></span> <span class='ocrx_word' id='word_1_58' title='bbox 1183 1161 1241 1221; x_wconf 90' lang='lat' dir='ltr'><strong>hae</strong></span> 
     </span>
     <span class='ocr_line' id='line_1_9' title="bbox 215 1261 1233 1348; baseline -0.005 -23"><span class='ocrx_word' id='word_1_59' title='bbox 215 1267 386 1342; x_wconf 83' lang='lat' dir='ltr'><strong>quaestione</strong></span> <span class='ocrx_word' id='word_1_60' title='bbox 400 1264 616 1348; x_wconf 75' lang='lat' dir='ltr'><strong>dijudicabitur</strong></span> <span class='ocrx_word' id='word_1_61' title='bbox 638 1281 713 1340; x_wconf 90' lang='lat' dir='ltr'><strong>quae</strong></span> <span class='ocrx_word' id='word_1_62' title='bbox 735 1266 809 1322; x_wconf 88' lang='lat' dir='ltr'><strong>ratio</strong></span> <span class='ocrx_word' id='word_1_63' title='bbox 832 1265 909 1321; x_wconf 86' lang='lat' dir='ltr'><strong>inter</strong></span> <span class='ocrx_word' id='word_1_64' title='bbox 931 1261 1040 1340; x_wconf 85' lang='lat' dir='ltr'><strong>dialogi</strong></span> <span class='ocrx_word' id='word_1_65' title='bbox 1063 1267 1180 1340; x_wconf 87' lang='lat' dir='ltr'><strong>primam</strong></span> <span class='ocrx_word' id='word_1_66' title='bbox 1203 1271 1233 1320; x_wconf 90' lang='lat' dir='ltr'><strong>et</strong></span> 
     </span>
     <span class='ocr_line' id='line_1_10' title="bbox 215 1353 1233 1452; baseline -0.003 -24"><span class='ocrx_word' id='word_1_67' title='bbox 215 1369 336 1428; x_wconf 82' lang='lat' dir='ltr'><strong>alteram</strong></span> <span class='ocrx_word' id='word_1_68' title='bbox 357 1375 469 1452; x_wconf 83' lang='lat' dir='ltr'><strong>partem</strong></span> <span class='ocrx_word' id='word_1_69' title='bbox 485 1353 661 1430; x_wconf 82' lang='lat' dir='ltr'><strong>intercedat.</strong></span> <span class='ocrx_word' id='word_1_70' title='bbox 707 1368 782 1427; x_wconf 87' lang='lat' dir='ltr'><strong>Nam</strong></span> <span class='ocrx_word' id='word_1_71' title='bbox 811 1369 836 1426; x_wconf 87' lang='lat' dir='ltr'><strong>si</strong></span> <span class='ocrx_word' id='word_1_72' title='bbox 860 1361 1157 1429; x_wconf 82' lang='lat' dir='ltr'><strong>Schleiermacherun</strong></span> <span class='ocrx_word' id='word_1_73' title='bbox 1185 1383 1233 1426; x_wconf 87' lang='lat' dir='ltr'><strong>se-</strong></span> 
     </span>
     <span class='ocr_line' id='line_1_11' title="bbox 216 1470 1240 1549; baseline -0.003 -18"><span class='ocrx_word' id='word_1_74' title='bbox 216 1471 339 1549; x_wconf 86' lang='lat' dir='ltr'><strong>quimur,</strong></span> <span class='ocrx_word' id='word_1_75' title='bbox 372 1474 421 1548; x_wconf 88' lang='lat' dir='ltr'><strong>qui</strong></span> <span class='ocrx_word' id='word_1_76' title='bbox 452 1487 538 1547; x_wconf 87' lang='lat' dir='ltr'><strong>quam</strong></span> <span class='ocrx_word' id='word_1_77' title='bbox 566 1473 736 1531; x_wconf 88' lang='lat' dir='ltr'><strong>methodmn</strong></span> <span class='ocrx_word' id='word_1_78' title='bbox 765 1474 860 1548; x_wconf 87' lang='lat' dir='ltr'><strong>prima</strong></span> <span class='ocrx_word' id='word_1_79' title='bbox 887 1489 956 1549; x_wconf 87' lang='lat' dir='ltr'><strong>pars</strong></span> <span class='ocrx_word' id='word_1_80' title='bbox 984 1476 1120 1532; x_wconf 88' lang='lat' dir='ltr'><strong>statuerit</strong></span> <span class='ocrx_word' id='word_1_81' title='bbox 1147 1470 1240 1530; x_wconf 89' lang='lat' dir='ltr'><strong>altera</strong></span> 
     </span>
     <span class='ocr_line' id='line_1_12' title="bbox 217 1576 1245 1654; baseline -0.003 -18"><span class='ocrx_word' id='word_1_82' title='bbox 217 1582 300 1654; x_wconf 92' lang='lat' dir='ltr'><strong>parte</strong></span> <span class='ocrx_word' id='word_1_83' title='bbox 328 1577 482 1654; x_wconf 84' lang='lat' dir='ltr'><strong>probatam</strong></span> <span class='ocrx_word' id='word_1_84' title='bbox 510 1589 576 1634; x_wconf 82' lang='lat' dir='ltr'><strong>esse</strong></span> <span class='ocrx_word' id='word_1_85' title='bbox 605 1583 698 1652; x_wconf 90' lang='lat' dir='ltr'><strong>putat,</strong></span> <span class='ocrx_word' id='word_1_86' title='bbox 728 1577 864 1653; x_wconf 86' lang='lat' dir='ltr'><strong>proprius</strong></span> <span class='ocrx_word' id='word_1_87' title='bbox 895 1583 925 1634; x_wconf 90' lang='lat' dir='ltr'><strong>et</strong></span> <span class='ocrx_word' id='word_1_88' title='bbox 952 1576 1137 1652; x_wconf 64' lang='lat' dir='ltr'><strong>peculiaris„</strong></span> <span class='ocrx_word' id='word_1_89' title='bbox 1156 1593 1245 1652; x_wconf 88' lang='lat' dir='ltr'><strong>quem</strong></span> 
     </span>
     <span class='ocr_line' id='line_1_13' title="bbox 217 1679 1245 1754; baseline -0.003 -14"><span class='ocrx_word' id='word_1_90' title='bbox 217 1681 407 1741; x_wconf 82' lang='lat' dir='ltr'><strong>Parmenides</strong></span> <span class='ocrx_word' id='word_1_91' title='bbox 424 1681 597 1754; x_wconf 67' lang='lat' dir='ltr'><strong>assequimur,</strong></span> <span class='ocrx_word' id='word_1_92' title='bbox 614 1679 681 1740; x_wconf 90' lang='lat' dir='ltr'><strong>finis</strong></span> <span class='ocrx_word' id='word_1_93' title='bbox 697 1682 728 1738; x_wconf 88' lang='lat' dir='ltr'><strong>in</strong></span> <span class='ocrx_word' id='word_1_94' title='bbox 745 1680 934 1741; x_wconf 82' lang='lat' dir='ltr'><strong>exercitanda</strong></span> <span class='ocrx_word' id='word_1_95' title='bbox 948 1681 1087 1740; x_wconf 87' lang='lat' dir='ltr'><strong>methodo</strong></span> <span class='ocrx_word' id='word_1_96' title='bbox 1100 1687 1245 1754; x_wconf 85' lang='lat' dir='ltr'><strong>versatur,</strong></span> 
     </span>
     <span class='ocr_line' id='line_1_14' title="bbox 218 1781 1249 1862; baseline -0.001 -19"><span class='ocrx_word' id='word_1_97' title='bbox 218 1801 315 1860; x_wconf 91' lang='lat' dir='ltr'><strong>neque</strong></span> <span class='ocrx_word' id='word_1_98' title='bbox 337 1783 418 1848; x_wconf 87' lang='lat' dir='ltr'><strong>aliud</strong></span> <span class='ocrx_word' id='word_1_99' title='bbox 439 1787 596 1862; x_wconf 84' lang='lat' dir='ltr'><strong>quidquam</strong></span> <span class='ocrx_word' id='word_1_100' title='bbox 623 1786 661 1844; x_wconf 88' lang='lat' dir='ltr'><strong>ad</strong></span> <span class='ocrx_word' id='word_1_101' title='bbox 682 1781 835 1844; x_wconf 87' lang='lat' dir='ltr'><strong>veritatem</strong></span> <span class='ocrx_word' id='word_1_102' title='bbox 848 1786 1098 1862; x_wconf 71' lang='lat' dir='ltr'><strong>perspiciturdam</strong></span> <span class='ocrx_word' id='word_1_103' title='bbox 1126 1783 1249 1842; x_wconf 80' lang='lat' dir='ltr'><strong>affertur</strong></span> 
     </span>
     <span class='ocr_line' id='line_1_15' title="bbox 215 1868 1029 1969; baseline -0.002 -19"><span class='ocrx_word' id='word_1_104' title='bbox 215 1892 273 1950; x_wconf 87' lang='lat' dir='ltr'><strong>nisi</strong></span> <span class='ocrx_word' id='word_1_105' title='bbox 296 1887 362 1948; x_wconf 88' lang='lat' dir='ltr'><strong>sola</strong></span> <span class='ocrx_word' id='word_1_106' title='bbox 382 1890 530 1966; x_wconf 83' lang='lat' dir='ltr'><strong>cogitandi</strong></span> <span class='ocrx_word' id='word_1_107' title='bbox 554 1881 723 1949; x_wconf 80' lang='lat' dir='ltr'><strong>exercitatio</strong></span> <span class='ocrx_word' id='word_1_108' title='bbox 747 1883 934 1969; x_wconf 69' lang='grc' dir='ltr'>(γυμνασία).</span> <span class='ocrx_word' id='word_1_109' title='bbox 993 1941 995 1948; x_wconf 88' lang='grc'><em>,</em></span> <span class='ocrx_word' id='word_1_110' title='bbox 1025 1868 1029 1878; x_wconf 51' lang='grc'><strong>”</strong></span> 
     </span>
    </p>

    <p class='ocr_par' dir='ltr' id='par_1_4' title="bbox 216 1991 1320 3527">
     <span class='ocr_line' id='line_1_16' title="bbox 282 1991 1264 2072; baseline 0 -20"><span class='ocrx_word' id='word_1_111' title='bbox 282 1991 358 2052; x_wconf 79' lang='lat' dir='ltr'><strong>Taun</strong></span> <span class='ocrx_word' id='word_1_112' title='bbox 380 2009 449 2052; x_wconf 88' lang='lat' dir='ltr'><strong>vero</strong></span> <span class='ocrx_word' id='word_1_113' title='bbox 464 2000 585 2054; x_wconf 79' lang='lat' dir='ltr'><strong>tuntum</strong></span> <span class='ocrx_word' id='word_1_114' title='bbox 607 1995 691 2056; x_wconf 89' lang='lat' dir='ltr'><strong>abest</strong></span> <span class='ocrx_word' id='word_1_115' title='bbox 712 1999 748 2051; x_wconf 93' lang='lat' dir='ltr'><strong>ut</strong></span> <span class='ocrx_word' id='word_1_116' title='bbox 761 1994 844 2072; x_wconf 82' lang='lat' dir='ltr'><strong>duae</strong></span> <span class='ocrx_word' id='word_1_117' title='bbox 870 2001 969 2071; x_wconf 89' lang='lat' dir='ltr'><strong>partes</strong></span> <span class='ocrx_word' id='word_1_118' title='bbox 985 1992 1101 2069; x_wconf 81' lang='lat' dir='ltr'><strong>dialogi</strong></span> <span class='ocrx_word' id='word_1_119' title='bbox 1123 1991 1264 2062; x_wconf 81' lang='lat' dir='ltr'><strong>uinculo¹</strong></span> 
     </span>
     <span class='ocr_line' id='line_1_17' title="bbox 218 2097 1248 2182; baseline -0.002 -26"><span class='ocrx_word' id='word_1_120' title='bbox 218 2097 344 2175; x_wconf 85' lang='lat' dir='ltr'><strong>quodam</strong></span> <span class='ocrx_word' id='word_1_121' title='bbox 366 2099 482 2157; x_wconf 85' lang='lat' dir='ltr'><strong>interno</strong></span> <span class='ocrx_word' id='word_1_122' title='bbox 504 2105 593 2174; x_wconf 91' lang='lat' dir='ltr'><strong>atque</strong></span> <span class='ocrx_word' id='word_1_123' title='bbox 615 2101 782 2180; x_wconf 85' lang='lat' dir='ltr'><strong>necessario</strong></span> <span class='ocrx_word' id='word_1_124' title='bbox 804 2100 881 2156; x_wconf 90' lang='lat' dir='ltr'><strong>inter</strong></span> <span class='ocrx_word' id='word_1_125' title='bbox 900 2115 968 2162; x_wconf 86' lang='lat' dir='ltr'><strong>soso</strong></span> <span class='ocrx_word' id='word_1_126' title='bbox 991 2097 1180 2182; x_wconf 73' lang='lat' dir='ltr'><strong>cohaereant,</strong></span> <span class='ocrx_word' id='word_1_127' title='bbox 1210 2105 1248 2155; x_wconf 91' lang='lat' dir='ltr'><strong>ut</strong></span> 
     </span>
     <span class='ocr_line' id='line_1_18' title="bbox 216 2193 1246 2280; baseline 0.003 -23"><span class='ocrx_word' id='word_1_128' title='bbox 216 2200 311 2259; x_wconf 79' lang='lat' dir='ltr'><strong>altera</strong></span> <span class='ocrx_word' id='word_1_129' title='bbox 331 2199 416 2259; x_wconf 91' lang='lat' dir='ltr'><strong>alteri</strong></span> <span class='ocrx_word' id='word_1_130' title='bbox 431 2201 525 2280; x_wconf 56' lang='lat' dir='ltr'><strong>,plane</strong></span> <span class='ocrx_word' id='word_1_131' title='bbox 540 2193 663 2268; x_wconf 72' lang='lat' dir='ltr'><strong>&#39;externo</strong></span> <span class='ocrx_word' id='word_1_132' title='bbox 680 2201 767 2262; x_wconf 91' lang='lat' dir='ltr'><strong>modo</strong></span> <span class='ocrx_word' id='word_1_133' title='bbox 784 2201 943 2276; x_wconf 83' lang='lat' dir='ltr'><strong>adhaerere</strong></span> <span class='ocrx_word' id='word_1_134' title='bbox 960 2202 1100 2261; x_wconf 86' lang='lat' dir='ltr'><strong>uideatur.</strong></span> <span class='ocrx_word' id='word_1_135' title='bbox 1123 2199 1246 2260; x_wconf 90' lang='lat' dir='ltr'><strong>Arctius</strong></span> 
     </span>
     <span class='ocr_line' id='line_1_19' title="bbox 217 2304 1248 2382; baseline -0.002 -18"><span class='ocrx_word' id='word_1_136' title='bbox 217 2308 305 2382; x_wconf 82' lang='lat' dir='ltr'><strong>igitur</strong></span> <span class='ocrx_word' id='word_1_137' title='bbox 312 2307 462 2381; x_wconf 77' lang='lat' dir='ltr'><strong>ultriusque</strong></span> <span class='ocrx_word' id='word_1_138' title='bbox 473 2309 563 2382; x_wconf 89' lang='lat' dir='ltr'><strong>partis</strong></span> <span class='ocrx_word' id='word_1_139' title='bbox 571 2304 721 2366; x_wconf 83' lang='lat' dir='ltr'><strong>vineulmu</strong></span> <span class='ocrx_word' id='word_1_140' title='bbox 732 2305 981 2366; x_wconf 84' lang='lat' dir='ltr'><strong>alterasentcntia</strong></span> <span class='ocrx_word' id='word_1_141' title='bbox 990 2306 1075 2365; x_wconf 90' lang='lat' dir='ltr'><strong>nobis</strong></span> <span class='ocrx_word' id='word_1_142' title='bbox 1088 2305 1248 2381; x_wconf 86' lang='lat' dir='ltr'><strong>praebetur·</strong></span> 
     </span>
     <span class='ocr_line' id='line_1_20' title="bbox 219 2389 1243 2485; baseline 0.001 -18"><span class='ocrx_word' id='word_1_143' title='bbox 219 2409 302 2485; x_wconf 76' lang='lat' dir='ltr'><strong>cujum</strong></span> <span class='ocrx_word' id='word_1_144' title='bbox 310 2408 361 2474; x_wconf 88' lang='lat' dir='ltr'><strong>He</strong></span> <span class='ocrx_word' id='word_1_145' title='bbox 366 2408 502 2484; x_wconf 84' lang='lat' dir='ltr'><strong>galium</strong></span> <span class='ocrx_word' id='word_1_146' title='bbox 510 2416 644 2469; x_wconf 88' lang='lat' dir='ltr'><strong>autorem</strong></span> <span class='ocrx_word' id='word_1_147' title='bbox 651 2409 813 2469; x_wconf 89' lang='lat' dir='ltr'><strong>laudamus.</strong></span> <span class='ocrx_word' id='word_1_148' title='bbox 825 2389 1138 2485; x_wconf 80' lang='lat' dir='ltr'><strong>Hisenimnotionibus</strong></span> <span class='ocrx_word' id='word_1_149' title='bbox 1147 2405 1243 2468; x_wconf 88' lang='lat' dir='ltr'><strong>Unius</strong></span> 
     </span>
     <span class='ocr_line' id='line_1_21' title="bbox 217 2509 1245 2589; baseline -0.001 -17"><span class='ocrx_word' id='word_1_150' title='bbox 217 2512 434 2589; x_wconf 86' lang='lat' dir='ltr'><strong>Multorumque</strong></span> <span class='ocrx_word' id='word_1_151' title='bbox 443 2511 584 2589; x_wconf 84' lang='lat' dir='ltr'><strong>exemplis</strong></span> <span class='ocrx_word' id='word_1_152' title='bbox 592 2517 721 2574; x_wconf 92' lang='lat' dir='ltr'><strong>omnium</strong></span> <span class='ocrx_word' id='word_1_153' title='bbox 730 2516 880 2574; x_wconf 90' lang='lat' dir='ltr'><strong>notionum</strong></span> <span class='ocrx_word' id='word_1_154' title='bbox 892 2516 1025 2571; x_wconf 87' lang='lat' dir='ltr'><strong>naturam</strong></span> <span class='ocrx_word' id='word_1_155' title='bbox 1039 2509 1245 2589; x_wconf 79' lang='lat' dir='ltr'><strong>explicandam</strong></span> 
     </span>
     <span class='ocr_line' id='line_1_22' title="bbox 218 2614 1241 2692; baseline -0.007 -17"><span class='ocrx_word' id='word_1_156' title='bbox 218 2629 283 2676; x_wconf 84' lang='lat' dir='ltr'><strong>esse</strong></span> <span class='ocrx_word' id='word_1_157' title='bbox 299 2615 461 2676; x_wconf 59' lang='lat' dir='ltr'><strong>arbitratur„</strong></span> <span class='ocrx_word' id='word_1_158' title='bbox 475 2618 502 2652; x_wconf 82' lang='lat'><strong>²⁹</strong></span> <span class='ocrx_word' id='word_1_159' title='bbox 533 2617 574 2678; x_wconf 92' lang='lat' dir='ltr'><strong>At</strong></span> <span class='ocrx_word' id='word_1_160' title='bbox 585 2619 611 2676; x_wconf 90' lang='lat' dir='ltr'><strong>si</strong></span> <span class='ocrx_word' id='word_1_161' title='bbox 620 2616 688 2678; x_wconf 89' lang='lat' dir='ltr'><strong>illas</strong></span> <span class='ocrx_word' id='word_1_162' title='bbox 706 2617 798 2678; x_wconf 82' lang='lat' dir='ltr'><strong>Unius</strong></span> <span class='ocrx_word' id='word_1_163' title='bbox 810 2615 1025 2692; x_wconf 86' lang='lat' dir='ltr'><strong>Multorumque</strong></span> <span class='ocrx_word' id='word_1_164' title='bbox 1043 2617 1180 2674; x_wconf 86' lang='lat' dir='ltr'><strong>notiones</strong></span> <span class='ocrx_word' id='word_1_165' title='bbox 1195 2614 1241 2670; x_wconf 87' lang='lat' dir='ltr'><strong>vel</strong></span> 
     </span>
     <span class='ocr_line' id='line_1_23' title="bbox 218 2714 1238 2802; baseline -0.007 -23"><span class='ocrx_word' id='word_1_166' title='bbox 218 2723 258 2780; x_wconf 90' lang='lat' dir='ltr'><strong>ad</strong></span> <span class='ocrx_word' id='word_1_167' title='bbox 278 2720 448 2780; x_wconf 86' lang='lat' dir='ltr'><strong>methodmu</strong></span> <span class='ocrx_word' id='word_1_168' title='bbox 469 2718 518 2780; x_wconf 89' lang='lat' dir='ltr'><strong>vel</strong></span> <span class='ocrx_word' id='word_1_169' title='bbox 539 2721 577 2780; x_wconf 89' lang='lat' dir='ltr'><strong>ad</strong></span> <span class='ocrx_word' id='word_1_170' title='bbox 600 2727 713 2788; x_wconf 87' lang='lat' dir='ltr'><strong>ceteras</strong></span> <span class='ocrx_word' id='word_1_171' title='bbox 734 2725 870 2782; x_wconf 89' lang='lat' dir='ltr'><strong>notiones</strong></span> <span class='ocrx_word' id='word_1_172' title='bbox 894 2715 1144 2802; x_wconf 77' lang='lat' dir='ltr'><strong>exempla‘valere</strong></span> <span class='ocrx_word' id='word_1_173' title='bbox 1158 2714 1238 2788; x_wconf 84' lang='lat' dir='ltr'><strong>uelis,</strong></span> 
     </span>
     <span class='ocr_line' id='line_1_24' title="bbox 219 2824 1242 2912; baseline -0.007 -30"><span class='ocrx_word' id='word_1_174' title='bbox 219 2824 376 2884; x_wconf 88' lang='lat' dir='ltr'><strong>dialectiea</strong></span> <span class='ocrx_word' id='word_1_175' title='bbox 405 2827 554 2901; x_wconf 89' lang='lat' dir='ltr'><strong>utriusque</strong></span> <span class='ocrx_word' id='word_1_176' title='bbox 583 2829 674 2912; x_wconf 81' lang='lat' dir='ltr'><strong>partis</strong></span> <span class='ocrx_word' id='word_1_177' title='bbox 703 2829 779 2887; x_wconf 90' lang='lat' dir='ltr'><strong>ratio</strong></span> <span class='ocrx_word' id='word_1_178' title='bbox 811 2828 983 2902; x_wconf 87' lang='lat' dir='ltr'><strong>nentiquam</strong></span> <span class='ocrx_word' id='word_1_179' title='bbox 1014 2827 1104 2886; x_wconf 87' lang='lat' dir='ltr'><strong>statui</strong></span> <span class='ocrx_word' id='word_1_180' title='bbox 1135 2825 1242 2900; x_wconf 90' lang='lat' dir='ltr'><strong>potest.</strong></span> 
     </span>
     <span class='ocr_line' id='line_1_25' title="bbox 222 2912 1320 3013; baseline -0.005 -25"><span class='ocrx_word' id='word_1_181' title='bbox 222 2927 304 3002; x_wconf 86' lang='lat' dir='ltr'><strong>Quae</strong></span> <span class='ocrx_word' id='word_1_182' title='bbox 327 2929 443 3004; x_wconf 89' lang='lat' dir='ltr'><strong>quidem</strong></span> <span class='ocrx_word' id='word_1_183' title='bbox 465 2935 527 2986; x_wconf 90' lang='lat' dir='ltr'><strong>tum</strong></span> <span class='ocrx_word' id='word_1_184' title='bbox 549 2912 664 2989; x_wconf 89' lang='lat' dir='ltr'><strong>demum</strong></span> <span class='ocrx_word' id='word_1_185' title='bbox 685 2947 756 2990; x_wconf 85' lang='lat' dir='ltr'><strong>vera</strong></span> <span class='ocrx_word' id='word_1_186' title='bbox 788 2935 919 3008; x_wconf 87' lang='lat' dir='ltr'><strong>apparet,</strong></span> <span class='ocrx_word' id='word_1_187' title='bbox 945 2925 1123 3013; x_wconf 81' lang='lat' dir='ltr'><strong>eunr&#39;quam</strong></span> <span class='ocrx_word' id='word_1_188' title='bbox 1150 2937 1241 2998; x_wconf 87' lang='lat' dir='ltr'><strong>quae-</strong></span> <span class='ocrx_word' id='word_1_189' title='bbox 1319 2949 1320 2974; x_wconf 66' lang='lat' dir='ltr'><strong>r</strong></span> 
     </span>
     <span class='ocr_line' id='line_1_26' title="bbox 219 3027 1244 3110; baseline -0.009 -20"><span class='ocrx_word' id='word_1_190' title='bbox 219 3035 345 3091; x_wconf 90' lang='lat' dir='ltr'><strong>stionem</strong></span> <span class='ocrx_word' id='word_1_191' title='bbox 366 3034 461 3107; x_wconf 82' lang='lat' dir='ltr'><strong>prima</strong></span> <span class='ocrx_word' id='word_1_192' title='bbox 481 3049 550 3108; x_wconf 84' lang='lat' dir='ltr'><strong>pars</strong></span> <span class='ocrx_word' id='word_1_193' title='bbox 571 3036 751 3110; x_wconf 86' lang='lat' dir='ltr'><strong>propositam</strong></span> <span class='ocrx_word' id='word_1_194' title='bbox 774 3041 804 3093; x_wconf 92' lang='lat' dir='ltr'><strong>et</strong></span> <span class='ocrx_word' id='word_1_195' title='bbox 822 3035 973 3094; x_wconf 87' lang='lat' dir='ltr'><strong>contrariis</strong></span> <span class='ocrx_word' id='word_1_196' title='bbox 994 3027 1172 3110; x_wconf 86' lang='lat' dir='ltr'><strong>implicatam</strong></span> <span class='ocrx_word' id='word_1_197' title='bbox 1193 3041 1244 3082; x_wconf 89' lang='lat' dir='ltr'><strong>re-</strong></span> 
     </span>
     <span class='ocr_line' id='line_1_27' title="bbox 219 3128 1246 3222; baseline -0.007 -30"><span class='ocrx_word' id='word_1_198' title='bbox 219 3133 315 3212; x_wconf 84' lang='lat' dir='ltr'><strong>liquit,</strong></span> <span class='ocrx_word' id='word_1_199' title='bbox 341 3151 405 3193; x_wconf 90' lang='lat' dir='ltr'><strong>cam</strong></span> <span class='ocrx_word' id='word_1_200' title='bbox 426 3135 520 3194; x_wconf 90' lang='lat' dir='ltr'><strong>altera</strong></span> <span class='ocrx_word' id='word_1_201' title='bbox 540 3144 623 3213; x_wconf 86' lang='lat' dir='ltr'><strong>parte</strong></span> <span class='ocrx_word' id='word_1_202' title='bbox 646 3141 809 3216; x_wconf 82' lang='lat' dir='ltr'><strong>expositam</strong></span> <span class='ocrx_word' id='word_1_203' title='bbox 838 3145 868 3196; x_wconf 92' lang='lat' dir='ltr'><strong>ct</strong></span> <span class='ocrx_word' id='word_1_204' title='bbox 890 3137 1042 3222; x_wconf 75' lang='lat' dir='ltr'><strong>dialectice</strong></span> <span class='ocrx_word' id='word_1_205' title='bbox 1066 3128 1246 3208; x_wconf 87' lang='lat' dir='ltr'><strong>explicatam</strong></span> 
     </span>
     <span class='ocr_line' id='line_1_28' title="bbox 222 3219 1259 3326; baseline -0.007 -29"><span class='ocrx_word' id='word_1_206' title='bbox 222 3257 287 3298; x_wconf 88' lang='lat' dir='ltr'><strong>esse</strong></span> <span class='ocrx_word' id='word_1_207' title='bbox 310 3239 506 3316; x_wconf 88' lang='lat' dir='ltr'><strong>probavimus.</strong></span> <span class='ocrx_word' id='word_1_208' title='bbox 551 3239 607 3300; x_wconf 90' lang='lat' dir='ltr'><strong>Illa</strong></span> <span class='ocrx_word' id='word_1_209' title='bbox 633 3246 720 3326; x_wconf 79' lang='lat' dir='ltr'><strong>igitur</strong></span> <span class='ocrx_word' id='word_1_210' title='bbox 742 3219 884 3318; x_wconf 79' lang='lat' dir='ltr'><strong>quaestio,</strong></span> <span class='ocrx_word' id='word_1_211' title='bbox 915 3244 945 3299; x_wconf 91' lang='lat' dir='ltr'><strong>in</strong></span> <span class='ocrx_word' id='word_1_212' title='bbox 976 3256 1033 3316; x_wconf 89' lang='lat' dir='ltr'><strong>qua</strong></span> <span class='ocrx_word' id='word_1_213' title='bbox 1054 3243 1194 3326; x_wconf 76' lang='lat' dir='ltr'><strong>tanquam</strong></span> <span class='ocrx_word' id='word_1_214' title='bbox 1215 3236 1259 3292; x_wconf 89' lang='lat' dir='ltr'><strong>in</strong></span> 
     </span>
     <span class='ocr_line' id='line_1_29' title="bbox 222 3327 1320 3422; baseline -0.005 -22"><span class='ocrx_word' id='word_1_215' title='bbox 222 3344 338 3401; x_wconf 88' lang='lat' dir='ltr'><strong>cardine</strong></span> <span class='ocrx_word' id='word_1_216' title='bbox 361 3345 471 3420; x_wconf 90' lang='lat' dir='ltr'><strong>primae</strong></span> <span class='ocrx_word' id='word_1_217' title='bbox 500 3348 592 3422; x_wconf 88' lang='lat' dir='ltr'><strong>partis</strong></span> <span class='ocrx_word' id='word_1_218' title='bbox 615 3347 829 3422; x_wconf 83' lang='lat' dir='ltr'><strong>disputationes</strong></span> <span class='ocrx_word' id='word_1_219' title='bbox 850 3343 1019 3418; x_wconf 86' lang='lat' dir='ltr'><strong>versantur,</strong></span> <span class='ocrx_word' id='word_1_220' title='bbox 1049 3342 1087 3400; x_wconf 90' lang='lat' dir='ltr'><strong>ad</strong></span> <span class='ocrx_word' id='word_1_221' title='bbox 1115 3327 1249 3401; x_wconf 85' lang='lat' dir='ltr'><strong>idearum</strong></span> <span class='ocrx_word' id='word_1_222' title='bbox 1319 3329 1320 3334; x_wconf 63' lang='grc'>’</span> 
     </span>
     <span class='ocr_line' id='line_1_30' title="bbox 221 3427 1251 3527; baseline -0.005 -21"><span class='ocrx_word' id='word_1_223' title='bbox 221 3463 375 3524; x_wconf 88' lang='lat' dir='ltr'><strong>rerumque</strong></span> <span class='ocrx_word' id='word_1_224' title='bbox 386 3451 529 3509; x_wconf 86' lang='lat' dir='ltr'><strong>rationem</strong></span> <span class='ocrx_word' id='word_1_225' title='bbox 540 3443 680 3527; x_wconf 73' lang='lat' dir='ltr'><strong>pertinet,</strong></span> <span class='ocrx_word' id='word_1_226' title='bbox 690 3467 764 3526; x_wconf 88' lang='lat' dir='ltr'><strong>quae</strong></span> <span class='ocrx_word' id='word_1_227' title='bbox 774 3451 849 3510; x_wconf 89' lang='lat' dir='ltr'><strong>ratio</strong></span> <span class='ocrx_word' id='word_1_228' title='bbox 867 3427 1067 3524; x_wconf 83' lang='lat' dir='ltr'><strong>metaphysioe</strong></span> <span class='ocrx_word' id='word_1_229' title='bbox 1084 3444 1122 3503; x_wconf 89' lang='lat' dir='ltr'><strong>ad</strong></span> <span class='ocrx_word' id='word_1_230' title='bbox 1132 3443 1251 3504; x_wconf 90' lang='lat' dir='ltr'><strong>Unius</strong></span> 
     </span>
    </p>
   </div>
   <div class='ocr_carea' id='block_1_3' title="bbox 221 3711 423 3721">
    <p class='ocr_par' dir='ltr' id='par_1_5' title="bbox 221 3711 423 3721">
     <span class='ocr_line' id='line_1_31' title="bbox 221 3711 423 3721; baseline -0.005 -2"><span class='ocrx_word' id='word_1_231' title='bbox 221 3711 311 3721; x_wconf 51' lang='grc' dir='ltr'><strong>-ψ</strong></span> <span class='ocrx_word' id='word_1_232' title='bbox 321 3711 396 3719; x_wconf 55' lang='lat'><strong>.⁴......-</strong></span> <span class='ocrx_word' id='word_1_233' title='bbox 411 3713 423 3718; x_wconf 38' lang='grc' dir='ltr'><strong>,Α</strong></span> 
     </span>
    </p>
   </div>
   <div class='ocr_carea' id='block_1_4' title="bbox 274 3881 928 3956">
    <p class='ocr_par' dir='ltr' id='par_1_6' title="bbox 274 3881 928 3956">
     <span class='ocr_line' id='line_1_32' title="bbox 274 3881 928 3956; baseline 0.002 -20"><span class='ocrx_word' id='word_1_234' title='bbox 274 3885 296 3915; x_wconf 75' lang='lat'><strong>²⁰</strong></span> <span class='ocrx_word' id='word_1_235' title='bbox 314 3884 402 3950; x_wconf 73' lang='lat' dir='ltr'><strong>llegel,</strong></span> <span class='ocrx_word' id='word_1_236' title='bbox 420 3881 508 3938; x_wconf 83' lang='lat' dir='ltr'><strong>Gcsch.</strong></span> <span class='ocrx_word' id='word_1_237' title='bbox 529 3881 574 3934; x_wconf 87' lang='lat' dir='ltr'><strong>der·</strong></span> <span class='ocrx_word' id='word_1_238' title='bbox 592 3885 682 3956; x_wconf 83' lang='lat' dir='ltr'><strong>Philas.</strong></span> <span class='ocrx_word' id='word_1_239' title='bbox 701 3886 730 3940; x_wconf 90' lang='lat' dir='ltr'><strong>ll.</strong></span> <span class='ocrx_word' id='word_1_240' title='bbox 752 3904 777 3955; x_wconf 91' lang='lat' dir='ltr'><strong>p.</strong></span> <span class='ocrx_word' id='word_1_241' title='bbox 795 3886 855 3940; x_wconf 83' lang='lat'>205.</span> <span class='ocrx_word' id='word_1_242' title='bbox 925 3885 928 3892; x_wconf 56' lang='lat'><strong>⁴</strong></span> 
     </span>
    </p>
   </div>
   <div class='ocr_carea' id='block_1_5' title="bbox 0 0 1370 4560">
    <p class='ocr_par' dir='ltr' id='par_1_7' title="bbox 0 0 1370 4560">
     <span class='ocr_line' id='line_1_33' title="bbox 0 0 1370 4560; baseline 0 0"><span class='ocrx_word' id='word_1_243' title='bbox 0 0 1370 4560; x_wconf 95' lang='lat' dir='ltr'><strong> </strong></span> 
     </span>
    </p>
   </div>
  </div>
 </body>
</html>
