2704 4560
676 357 727 430 90

178 545 298 623 ipram
311 544 495 620 accipere,
511 547 574 602 aut
588 513 771 619 qnatenus
786 544 944 619 eogitari
959 543 1125 616 nequeat,
1150 555 1222 597 orn-

177 651 264 708 nino
285 664 355 706 non
378 661 467 708 eoae.

246 749 388 811 Ceteram
409 748 507 810 thetis
529 756 560 810 et
581 750 738 811 antithesis
758 753 871 830 primae
894 749 1074 808 antinomiae
1103 749 1136 806 in
1164 746 1222 808 hac

181 856 345 916 antinomia
365 856 410 912 ita
429 861 614 932 repetrmtur,
637 861 671 913 ut
691 857 723 913 in
743 857 877 931 utrisque
898 853 1072 914 antinomifa
1086 855 1223 910 unicum

184 959 317 1020 essentia
345 959 435 1016 etiam
464 957 629 1018 diffamatia
658 961 814 1034 omniaque
842 957 957 1034 reliqua
989 957 1131 1016 attributa
1162 973 1224 1014 non

182 1065 281 1122 miuus
303 1061 489 1138 adjiciantur,
513 1079 601 1139 quam
623 1063 814 1138 denegentur.
973 1047 977 1053 ⁵

146 1193 152 1201 ·
247 1164 332 1242 Quae
340 1167 420 1224 enim
429 1168 541 1242 primae
548 1169 730 1225 antinomiae
737 1165 894 1226 antithesis
901 1167 962 1241 uni,
975 1167 1001 1225 ai
1010 1171 1065 1240 eat,
1077 1165 1223 1241 assignari

179 1268 264 1345 velit,
284 1269 390 1330 eadem
407 1272 513 1328 tertiae
532 1273 711 1330 antinomine
729 1271 825 1332 thesio
834 1272 894 1346 uni,
910 1272 936 1329 ai
946 1287 1009 1328 non
1024 1273 1072 1345 sit,
1085 1270 1223 1328 aooidere

181 1375 280 1449 docet,
303 1376 356 1435 aod
376 1378 410 1434 in
429 1380 555 1450 utraque
571 1378 753 1451 quaestione,
777 1376 994 1434 contrariam
1008 1375 1221 1452 disputandi

182 1481 277 1539 viam
304 1479 441 1557 perfici
467 1478 531 1554 jam
559 1477 695 1538 Zellorna
724 1485 805 1539 reete
835 1478 1091 1537 aruinadvertit.¹⁶
1134 1477 1224 1536 Anti·

181 1583 277 1644 thesis
300 1585 379 1642 enim
399 1584 513 1660 primae
535 1585 715 1642 antinomiae
737 1584 775 1642 ab
797 1601 878 1656 uno,
893 1583 988 1659 quod
1003 1587 1066 1656 eet,
1090 1598 1225 1641 exorsa

182 1687 222 1746 ad
245 1687 498 1746 differentiam
524 1686 678 1747 descendit
700 1693 788 1763 atque
809 1687 933 1764 reliquis
956 1685 1105 1745 attributis
1130 1703 1223 1764 expo-

182 1793 249 1851 sitis
270 1793 303 1850 in
323 1793 429 1851 unius
451 1793 660 1850 seientiaet
675 1792 1095 1868 cogitationeaeqrriescit3
1120 1787 1226 1850 eontra

182 1894 276 1955 thesio
299 1896 404 1954 tertiae
425 1897 607 1954 antinomiae
636 1895 674 1953 ab
703 1913 788 1971 uno,
819 1896 914 1971 quod
941 1911 1011 1952 non
1034 1899 1105 1969 est,
1131 1913 1225 1973 pro-

183 1997 297 2074 faeta,
328 1997 367 2056 ad
393 1998 457 2075 ejus
479 2001 677 2057 seientiam
698 2005 728 2058 et
751 2000 1017 2076 cogitationem
1039 1997 1173 2058 defertur
1195 2008 1226 2059 et

182 2101 305 2179 reliquia
326 2101 475 2162 attributio
497 2101 642 2162 absolutio
671 2105 703 2163 in
731 2091 837 2164 unius
869 2105 1048 2164 essentia
1076 2103 1223 2164 subsistit.

181 2205 491 2284 sslieigitnrabuno,
516 2207 611 2283 quod
628 2214 690 2283 eat,
715 2208 757 2267 ad
778 2189 890 2284 unuin,
915 2207 1007 2284 quod
1029 2210 1224 2284 cogitetur,

182 2309 233 2371 hio
256 2318 356 2370 autem
384 2313 422 2371 ab
445 2329 534 2388 une,
565 2307 656 2388 qriod
687 2316 880 2390 cogitatur,
904 2315 943 2372 ad
963 2329 1090 2388 unum,
1121 2313 1226 2391 quod

184 2418 252 2490 eet,
275 2417 415 2492 pergituu

250 2516 318 2593 Qua
339 2521 371 2577 in
393 2520 555 2578 antinomia
576 2523 682 2580 merito
704 2520 840 2581 Zellerus
861 2524 949 2582 unius
976 2524 1118 2583 essentiae
1149 2539 1220 2578 on-

184 2617 388 2700 tologioum
422 2626 531 2699 quasi
564 2631 816 2702 argumentum
849 2625 946 2688 afferri
975 2628 1102 2706 judicat,
1142 2623 1220 2700 quod

184 2743 255 2788 vere
277 2728 394 2804 doceat,
416 2745 533 2805 neque
558 2733 736 2790 nominari
765 2749 883 2808 noque
913 2733 1075 2810 eogitari
1101 2743 1220 2810 posse,

185 2831 328 2907 siquid
351 2835 497 2893 omnino
520 2852 589 2895 uon
611 2838 707 2894 sit.¹⁷

255 2929 350 3016 („I)as
371 2934 511 2996 Reeultat
532 2939 629 2999 dieser
649 2940 821 3002 Antinomie
852 2939 965 3001 enthilt
995 2943 1081 2998 einen
1103 2937 1225 2996 ontolo-

186 3039 310 3118 giaohen
330 3039 447 3101 Beweio
470 3041 517 3100 fiir
539 3043 592 3103 das
615 3043 687 3104 Seio
715 3046 768 3106 dea
789 3045 879 3119 Eine,
909 3041 1036 3102 welcher
1063 3056 1124 3098 von
1155 3040 1226 3100 dem

184 3144 332 3221 riohtigon
345 3144 512 3206 Grundsatz
527 3148 660 3225 ausgeht,
685 3150 753 3210 dass
777 3168 809 3210 eo
830 3163 890 3207 von
904 3147 971 3205 dem
985 3143 1106 3204 absolut
1116 3143 1225 3204 Nieht-

187 3247 334 3308 Seienden
355 3250 453 3310 weder
468 3253 555 3311 einen
565 3253 684 3331 Begriff,
706 3255 784 3314 noeh
796 3253 952 3314 Pridioate
968 3251 1064 3329 geben
1080 3247 1223 3332 kinne.“)

252 3351 357 3428 Quod
379 3356 473 3418 enim
494 3375 563 3416 non
585 3364 654 3434 eat,
678 3365 859 3434 quatenus
883 3360 1084 3438 cogitatur,
1113 3357 1226 3415 etiam

186 3471 266 3516 esee
296 3465 471 3539 apparot.
493 3494 510 3509 ·
532 3460 617 3523 Haeo
639 3461 758 3525 subtilis
789 3464 939 3541 doctrine,
972 3480 1061 3540 quem
1081 3460 1170 3522 Plato
1191 3463 1225 3525 in

183 3666 388 3684 m·-

223 3823 245 3858 ¹⁸
268 3825 361 3892 Zeller‚
383 3826 445 3882 Plat.
466 3828 536 3886 sud.
555 3848 580 3900 p.
601 3831 657 3890 177.

225 3892 246 3927 ¹⁷
269 3897 300 3950 of.
314 3898 374 3952 ibid.
