2704 4560
666 315 715 388 98

325 507 437 565 etiam
457 503 520 579 sit3
544 507 725 578 quatenus
747 508 869 562 autem
891 479 1069 564 essentia
1088 500 1211 579 plane

324 613 463 682 careat,
488 610 632 666 omnino
653 624 724 666 non
745 609 806 666 sit.

272 709 303 795 2)
325 711 372 772 Ut
392 709 505 770 multa
526 713 606 770 sine
628 717 697 770 uno
724 727 838 788 neque
860 713 955 786 sint,
985 727 1111 787 neque
1141 727 1211 771 co·

298 818 494 892 'gitcntun

239 919 353 996 Quibus
378 907 520 996 expositis
542 916 617 976 haec
639 918 745 995 procul
768 919 857 978 dubio
880 924 1038 996 apparent:

275 1023 300 1084 1.
323 1022 436 1084 Unum
459 1023 681 1082 discriminis
704 1040 833 1099 expers
857 1029 887 1082 et
907 1022 1022 1082 multa
1043 1039 1113 1082 uno
1135 1027 1210 1100 pri·

325 1107 414 1186 vata
435 1125 509 1184 nihiI
522 1142 588 1185 csse
610 1129 669 1186 nisi
689 1129 793 1187 inanes
816 1133 905 1202 atque
927 1143 1021 1186 vonas
1043 1129 1208 1204 opiniones.

389 1229 468 1308 Ergo
490 1248 597 1288 unum
618 1229 799 1307 multaque
821 1231 1061 1290 sibiinviccm
1076 1233 1209 1308 opponi

321 1341 520 1411 nequeunt.
546 1328 571 1414 (I
592 1335 661 1393 Ant.
685 1335 760 1396 thes.
783 1334 815 1394 Π
835 1335 905 1394 Ant.
929 1331 1078 1416 antitheo.)

386 1436 472 1498 Unde
484 1442 625 1515 sequitm,
645 1445 801 1498 utunum
815 1439 1008 1516 multaque,
1024 1442 1207 1499 nisiinter

295 1559 297 1562 ·
322 1558 405 1602 sese
422 1546 656 1618 conveniant,
671 1546 836 1603 nonsint.
849 1576 864 1589 -
878 1542 961 1619 Quae
977 1546 1003 1603 si
1015 1548 1205 1620 conveniunt,

322 1649 476 1708 contrariis
498 1647 674 1706 afficiuntur.
701 1642 810 1723 (IAnt.
828 1647 966 1706 antithes.
988 1647 1019 1706 11
1029 1647 1100 1706 Aut.
1117 1644 1204 1730 thes.)

173 1761 175 1768 ’
257 1749 296 1812 Π.
321 1749 422 1812 Sicut
444 1768 548 1810 unum
570 1753 649 1810 sine
671 1751 805 1828 multis,
829 1754 883 1811 ita
904 1751 1017 1810 multa
1034 1755 1116 1812 sine
1138 1771 1206 1814 uuo

321 1857 484 1931 cogitari
506 1871 575 1914 non
597 1871 714 1932 posse.
945 1928 949 1937 Ι

383 1958 477 2035 Ergo
500 1977 605 2018 unum
626 1959 814 2035 multaque
836 1962 934 2018 inter
960 1976 1042 2020 sese
1065 1977 1206 2020 conve·

320 2064 438 2138 uiant,
461 2079 616 2122 necesse
639 2069 700 2124 est.
725 2058 780 2144 (III
803 2069 833 2122 et
853 2062 898 2122 IV
918 2059 1001 2145 Ant.)

233 2165 265 2228 Si
288 2169 377 2243 igitur
398 2169 485 2227 unius
507 2166 724 2244 multorumque
749 2185 912 2228 consensus
934 2173 998 2226 tum
1011 2185 1047 2227 ex
1062 2185 1098 2228 eo
1114 2174 1208 2246 patet,

167 2271 246 2348 quod
268 2287 359 2329 unum
384 2269 535 2347 multoque
565 2271 622 2332 albi
650 2264 783 2332 invicem
810 2275 919 2351 opponi
948 2278 1112 2349 nequeunt,
1144 2279 1209 2331 tum

164 2380 264 2432 autem
285 2377 515 2434 necessarius
531 2381 663 2453 apparet,
689 2378 768 2454 quod
789 2379 881 2436 unius¹
898 2375 1114 2452 multorumque
1136 2394 1205 2435 no·
1315 2429 1317 2434 ,

165 2479 291 2538 tiones
313 2493 379 2536 sese
408 2479 536 2536 invicem
559 2483 719 2556 requirunt,
743 2484 848 2540 merito
871 2483 1025 2557 negaverit
1046 2480 1203 2554 quispiam,

164 2597 288 2639 verum
311 2597 392 2640 csse
416 2597 662 2659 consensum,
694 2587 758 2660 qui
787 2587 844 2643 ita
873 2584 1069 2661 implicet,
1098 2586 1138 2640 ut
1160 2586 1200 2639 et

164 2701 271 2744 unum
293 2690 327 2743 et
348 2684 462 2745 multa
484 2688 562 2746 suis
584 2689 796 2748 notionibus
817 2691 1036 2764 repugnent.

227 2787 283 2863 Ite,
308 2804 384 2863 quae
405 2791 500 2866 prima
522 2789 695 2868 hypothesis
719 2792 832 2866 effecit,
864 2791 958 2851 altera
986 2789 1203 2867 quodammodo

163 2893 357 2967 configuntur.
412 2890 479 2950 Illic
511 2897 589 2952 enim
617 2894 696 2954 hunc
727 2897 846 2972 quidem
874 2899 961 2956 unicis
983 2893 1204 2969 multorumque

167 3011 345 3054 consensum
368 2999 398 3052 et
418 2997 538 3072 probari
561 3005 599 3072 et,
624 3003 693 3074 quia
714 2999 922 3077 implicaverit,
945 3001 1030 3079 rejici
1051 2999 1189 3057 vidimus.

229 3097 418 3173 Quaesiverit
440 3101 530 3176 igitur
552 3105 707 3179 quispiam,
732 3106 871 3181 quidnam
892 3107 1009 3166 intersit
1032 3105 1109 3162 inter
1131 3118 1204 3178 pro·

162 3201 293 3261 bandum
322 3201 407 3261 illum
429 3205 461 3262 et'
486 3206 631 3282 rejectum
659 3207 739 3268 hune
769 3214 856 3270 unius
885 3208 1102 3284 multorumque
1129 3223 1206 3264 con·

130 3303 302 3365 ·aensum?
345 3305 394 3365 An
415 3307 503 3368 Plato
524 3313 556 3368 in
577 3311 753 3372 Parmenide
776 3314 833 3374 hoe
856 3315 1024 3372 aceruatius
1055 3326 1205 3386 exponere

163 3410 281 3468 omniuo
303 3409 518 3494 praetermisit-¹,
555 3417 702 3490 quomodo
733 3433 802 3477 vere
831 3435 923 3478 unum
951 3415 1103 3493 multaque
1125 3416 1206 3472 inter

161 3529 229 3573 sese
251 3514 450 3575 conveniant?

228 3614 320 3695 Cujus
333 3620 450 3694 quidem
461 3625 623 3683 necessarii
635 3641 797 3687 cousensus
819 3643 880 3685 non
900 3628 1011 3702 ignaris
1030 3624 1093 3701 jam
1114 3620 1203 3679 uobis

160 3736 334 3798 persuasum
357 3728 411 3799 est,
436 3726 641 3804 qui'implicet
653 3747 825 3808 consensus,
849 3726 920 3792 eum¹
932 3747 993 3790 uon
1009 3744 1076 3788 esse
1087 3741 1201 3786 verum.

162 3818 211 3903 (oi.
236 3841 312 3900 quae
334 3841 424 3906 supra
446 3830 732 3916 demonstravimus.)
